3684 4804
797 339 1112 410 *581⁴*

35 460 44 466 -
95 598 98 602 ,
181 522 303 588 ¹vitos
329 453 425 588 dnos
449 500 698 586 Chunradum
724 498 979 607 prepositum,
1012 506 1189 585 Ulricunt
1211 484 1397 582 decanum
1428 518 1468 585 et
1491 465 1713 608 Capitulum

204 607 403 708 Ratiqon.
423 609 602 697 Prolatos,
627 617 832 704 totumque
857 609 1000 682 cletum
1024 602 1198 682 Civitatis
1218 604 1411 703 Rattspon·
1432 627 1485 682 ei·
1499 621 1712 705 parte-uns,
1736 631 1740 638 ·

204 720 245 782 et
268 707 396 782 lintres
419 701 577 781 Ordinis
595 701 888 778 'Predicatorum
912 700 1083 804 ejusdem
1106 698 1278 777 Civitatis
1302 725 1350 780 ex
1376 702 1514 794 altem,-
1540 703 1610 796 sub
1631 731 1712 784 om.

122 843 125 850 ·
193 802 317 880 'nibus
338 801 599 902 questionibus
619 797 728 876 noris
758 810 799 876 et
826 796 993 897 antiquis
1011 801 1061 874 de
1087 795 1290 898 sepulturis
1316 815 1356 874 et
1374 796 1712 900 deportationibus
1831 807 1840 820 ’

197 899 382 992 =ittttetutrt
405 898 597 976 intereos
622 895 763 974 exortis
787 893 955 983 finaliter
978 894 1216 987 decidendis,
1249 895 1292 970 in
1315 917 1387 970 nos
1411 915 1507 976 esset
1530 909 1717 998 tanqum
1796 931 1803 938 ·

203 997 244 1074 in
274 995 453 1090 arbitros,
478 991 717 1072 artissimos
745 1017 813 1072 seu
828 992 1120 1094 compositores
1147 991 1364 1068 amicabiles
1386 994 1712 1094 compromissum,

201 1093 298 1172 sous
322 1093 364 1170 in
389 1089 644 1169 instrumento
673 1111 788 1192 super
813 1089 887 1164 hoc
915 1089 1146 1190 speoialiter.
1160 1089 1338 1168 coniecto
1366 1089 1515 1190 plenius
1536 1093 1713 1172 contiue-

201 1195 276 1282 tur,
298 1185 404 1290 cuius
427 1187 543 1268 teno'r
562 1189 741 1266 talis‘est:
776 1191 858 1262 Nos
877 1176 1101 1264 Chunrodus
1126 1186 1190 1263 dei
1210 1213 1276 1282 gra
1300 1189 1526 1286 prepositus,
1559 1188 1711 1268 Ulricus

202 1289 397 1381 decamus,
433 1301 558 1364 totum
613 1310 635 1388 e
659 1285 876 1398 Capitulum
895 1285 1007 1360 ,Ratis
1035 1308 1096 1359 ort
1121 1284 1273 1376 Ecclie,
1308 1283 1448 1360 Prolati
1470 1304 1509 1362 et
1533 1296 1713 1365 universi·

201 1405 258 1462 tas
288 1386 411 1462 tocius
439 1383 542 1462 Cleri
600 1381 739 1462 ivitatts
764 1380 865 1456 itatis
895 1409 957 1456 on.
1024 1407 1104 1476 ugo
1140 1380 1246 1478 prior
1277 1393 1317 1458 et
1345 1379 1610 1480 Congregatio
1640 1383 1712 1460 sra-

200 1498 304 1560 trum
331 1483 614 1583 predicatorum
649 1476 818 1582 ejusdem
872 1477 1025 1554 viniistis
1054 1476 1291 1578 presentibus
1320 1475 1560 1575 profitemur,
1607 1483 1713 1582 quod
1799 1497 1826 1534 'r

96 1605 99 1619 ·
189 1607 292 1657 ‘cum
318 1580 420 1656 inter
446 1588 517 1656 'tros
537 1598 614 1652 tam
635 1574 1015 1677 annisprescntibus,
1052 1595 1169 1674 quatu
1188 1580 1377 1675 preteritis
1405 1575 1563 1651 suborte
1584 1593 1712 1656 essent

99 1671 111 1685 “
187 1678 364 1755 diverse·
383 1703 432 1758 ao,
458 1674 560 1754 varie
595 1673 815 1772 questiones
849 1695 963 1774 super
993 1667 1168 1785 injuriis,
1210 1694 1280 1772 per
1313 1695 1405 1771 quas
1437 1670 1479 1746 in
1510 1678 1712 1772 sepulturis
1766 1714 1780 1735 ·

128 1807 130 1812 ·
184 1774 350 1851 ·Ecclcis
376 1787 416 1850 ct
442 1770 638 1848 funeribus
662 1789 733 1859 nos
757 1769 899 1846 offendi
922 1780 1190 1869 reputavimus,
1214 1767 1419 1869 utrobique
1440 1771 1489 1844 ad
1514 1784 1711 1870 smptttan·

200 1873 287 1948 dam
305 1871 429 1948 tocius
451 1869 527 1945 litis
549 1867 744 1944 materiem
767 1889 882 1968 super
907 1867 1084 1942 omnibus
1111 1863 1370 1966 questionibus
1394 1865 1612 1944 decidendis
1631 1885 1713 1948 tant

198 1966 429 2058 recentibus,
455 1991 568 2068 quam
590 1963 766 2066 antiquis,
793 1961 1055 2066 cujuscunque
1081 1961 1246 2038 nominis
1265 1976 1502 2053 censeantur,
1527 1963 1567 2040 in
1589 1965 1711 2046 Reve-
1829 2015 1833 2029 ·

197 2067 360 2142 tendum
382 2077 528 2164 patrem
554 2075 594 2140 et
619 2061 737 2154 dnum
763 2087 886 2150 nrum,
912 2061 1032 2136 dnum
1056 2059 1283 2158 Heinricuui
1307 2060 1565 2150 venerabilem
1581 2063 1712 2162 Epum

202 2162 288 2237 Rati
334 2187 396 2236 on.
417 2184 572 2237 necnon
590 2169 630 2234 tn
652 2159 867 2256 religiosum
885 2155 1026 2233 Virum
1055 2153 1209 2234 fratrem
1234 2155 1482 2234 Chunraduin
1497 2157 1711 2272 provincia·

199 2261 276 2334 lem
289 2185 459 2332 siiatruns
481 2255 766 2370 Predioctqrrim
788 2273 858 2356 per
876 2254 1115 2368 Alemanism
1139 2253 1465 2368 compromisimus
1485 2282 1556 2330 stru
1583 2256 1709 2336 liciter

187 2377 238 2430 et
265 2353 430 2455 precise,
469 2357 602 2431 dentes
628 2357 702 2428 illis
732 2366 865 2429 tenore
894 2369 1126 2452 presentium
1160 2355 1353 2427 literamm
1384 2353 1434 2428 de
1462 2376 1555 2428 omn
1595 2377 1638 2428 ns
1665 2367 1708 2432 et
1792 2381 1799 2396 ’

198 2452 353 2548 singulis
378 2452 544 2552 articulis
566 2449 808 2550 questionum
831 2464 1043 2524 nostrarum
1075 2447 1287 2541 ordinandi,
1311 2448 1520 2544 statuendi,
1550 2465 1708 2552 ootnpo-

60 2563 67 2576 ·
154 2607 171 2640 .,
196 2549 316 2626 nendi
338 2561 377 2630 et
405 2547 533 2628 omnia
560 2548 631 2621 alia
654 2545 830 2634 faciendi,
855 2568 933 2656 que
956 2547 1057 2621 inter
1076 2571 1146 2620 nos
1176 2556 1310 2644 quietis
1335 2558 1375 2622 et
1405 2547 1508 2644 pacis
1538 2566 1708 2624 commos-

199 2647 290 2720 dum
317 2656 499 2743 poterunt
523 2665 739 2744 preparare,
766 2645 972 2740 plenariam
997 2652 1250 2741 potestatem3
1283 2643 1541 2742 promittimus
1556 2643 1708 2744 itaque,
1754 2677 1758 2686 ·

198 2755 239 2828 et
264 2767 335 2816 nos
356 2755 492 2820 tenore
517 2737 753 2840 presentium
776 2732 998 2834 obligamus,
1026 2749 1149 2850 regum
1170 2750 1210 2812 et
1229 2752 1378 2834 gratum
1402 2739 1622 2838 peremnia
1643 2743 1708 2822 ho·

198 2838 362 2929 bitures,
405 2835 588 2938 quicquid
613 2861 685 2938 per
712 2834 873 2910 formam
901 2833 1210 2935 Compositionis
1242 2834 1414 2920 omniunt
1444 2828 1708 2937 predictorum

197 2961 267 3036 per
295 2937 485 3036 predictos
516 2938 635 3034 dnupr
660 2931 858 3044 liatispon.
884 2932 1013 3032 Epum
1037 2950 1076 3008 et
1108 2931 1381 3009 Provincisletn
1402 2935 1608 3032 ‘prosatum
1627 2936 1708 3014 iue-
1778 2957 1780 2962 ’

156 3101 158 3108 .
196 3033 246 3107 rit
269 3033 497 3108 ordinatum.
545 3036 715 3131 lncuqus
740 3028 796 3106 rei
821 3029 1100 3122 testimonium
1128 3043 1296 3107 mentes
1321 3031 1463 3106 litteras
1485 3023 1736 3125 Sigillorum*

195 3155 370 3302 usqrunql
371 3128 589 3299 1mqqirnipe
609 3127 786 3241 duximus
808 3125 1050 3206 roborandus.
1145 3139 1251 3202 atum
1271 3125 1478 3227 Ratispone
1504 3151 1606 3212 snno
1636 3127 1707 3212 dni
1756 3141 1760 3146 ’

199 3237 247 3308 ἠ
277 3247 305 3302 1.
388 3278 396 3296 .
465 3241 507 3298 us
566 3253 591 3300 u
644 3239 703 3302 stt.
1680 3281 1682 3292 .

168 3350 183 3356 ’
295 3323 355 3398 Ex
374 3321 517 3400 virtute
538 3253 708 3423 ejugsdem
730 3321 1001 3422 Compromissi
1022 3333 1064 3400 et
1077 3331 1273 3438 potestate
1293 3321 1404 3402 uobis
1419 3323 1553 3402 tradita
1573 3334 1614 3402 tn
1632 3323 1706 3404 lieo

195 3433 317 3522 parte,
342 3417 556 3518 arbitrando
584 3419 741 3494 dicimus
762 3445 806 3496 cc
828 3433 942 3494 aiam
967 3417 1187 3513 diffinimus,
1239 3419 1318 3498 uod
1341 3446 1484 3514 ornnes,
1510 3434 1574 3524 qui
1600 3449 1621 3497 n
1650 3424 1704 3499 ud

195 3521 387 3632 predictos
411 3517 541 3624 iratres
569 3517 752 3612 elegerint
772 3517 1023 3628 sepulturam,
1051 3519 1193 3599 ibidem
1210 3445 1379 3595 debeant
1399 3519 1520 3596 libere
1539 3451 1704 3622 sepeliti,
1763 3528 1772 3588 ’.

195 3629 250 3692 tta
276 3631 418 3708 tamen,
452 3613 557 3716 quod
585 3614 692 3690 hmoi
719 3615 852 3692 funera
877 3613 980 3715 prius
1006 3613 1172 3692 debeant
1204 3617 1254 3690 ad
1280 3641 1361 3691 suas
1392 3617 1602 3732 parrochias
1638 3619 1703 3714 des

195 3711 356 3814 portati,
390 3710 556 3826 exceptis
577 3710 801 3814 illioque,
844 3711 942 3787 sicut
969 3731 1124 3811 apparet
1157 3711 1492 3813 insequentibus,
1523 3727 1611 3790 sunt
1634 3739 1704 3793 ex·

197 3820 331 3908 cepta;
363 3809 411 3883 de
437 3808 666 3908 eligentibus
688 3809 791 3885 enirn
816 3812 1046 3910 sepulturam
1068 3811 1169 3912 apud
1193 3807 1324 3886 iratres
1381 3813 1542 3888 redictos
1566 3834 1614 3889 ex
1639 3837 1702 3908 eo,

160 3913 167 3926 ‘
197 3906 304 4005 quod
325 3903 368 3979 in
396 3903 630 3984 situ'domus
656 3930 789 3984 eorum
844 3910 902 3981 lus
929 3907 1086 3982 distata
1116 3907 1319 4020 pnechiis
1351 3837 1543 4002 divitatis,
1569 3933 1703 4012 quem
1767 3921 1771 3932 '

195 4002 358 4080 aliorum
374 4001 662 4114 Religiosorum,
692 4024 732 4080 et
758 3935 903 4079 exires
921 4013 961 4093 in
987 4004 1271 4102 portacionibus
1292 4005 1469 4082 itinerum
1494 4003 1613 4109 major
1633 4019 1700 4103 eis,
1744 4051 1757 4070 ·

199 4127 312 4214 quam
332 4117 466 4176 ceteris
484 4097 648 4178 inminet
665 4097 872 4194 difficultas,
897 4099 986 4200 ipsis
1006 4099 1182 4187 lintribus
1202 4103 1448 4180 consedimus
1469 4104 1517 4181 de
1534 4129 1599 4202 gni
1616 4130 1702 4205 spe·

199 4195 294 4293 siclt,
319 4197 423 4298 quod
444 4198 595 4304 singulis
612 4197 720 4288 annis
735 4199 794 4296 „de
819 4195 1016 4299 parrochia
1036 4194 1262 4314 kothedpolit
1279 4200 1412 4310 Epolie
1435 4199 1459 4280 6
1481 4201 1624 4297 funus,
1648 4203 1709 4303 de,

515 4599 534 4636 Ο
