3616 4850
782 301 1140 372 ΨδΟΦ.

175 489 220 557 ‘et
249 473 438 578 praelatus
467 466 690 572 Episcopus
706 483 863 548 econtra
892 468 1050 572 recipiat
1082 467 1383 563 Monaslerium,
1415 473 1522 574 qood
1552 469 1698 558 dicitur

1 645 4 658 ,
144 578 453 666 ,Μαιιειιεεα
505 565 624 673 Cujus
643 569 762 665 igitur
784 569 964 669 petitioni
983 567 1124 645 libenti
1143 573 1273 644 animo'
1294 594 1483 646 assensum
1504 571 1691 672 praeben·
1754 597 1757 604 ’

40 739 45 750 ,
85 673 90 678 ’
171 685 247 764 tos,
268 670 507 750 decrevimus
530 667 584 744 ita
605 667 700 760 lieri,
727 680 771 743 ut
789 669 852 742 illa
874 665 1089 768 postulavit
1139 667 1325 744 Dedimus
1345 668 1476 768 itaque
1500 669 1692 769 praefatae

174 769 389 868 karissimae
411 761 566 866 conjugi
591 781 744 842 nostrae
771 764 1049 843 Monasterium
1078 765 1120 840 in
1142 765 1429 861 Regenesburc,
1464 770 1569 867 quod
1598 769 1691 844 dici-

175 881 241 946 tur
264 863 699 942 Oberunmunestri
725 891 813 938 cum
841 887 1029 940 consensu
1047 860 1189 963 Batrioi
1214 864 1371 962 praelati
1393 865 1533 964 Episco
1563 865 1586 939 i.
1635 868 1691 945 Et

178 978 335 1047 econtra
357 962 551 1054 dedimus,
566 975 697 1064 -atque
725 961 950 1037 tradidimus
968 959 1179 1060 praelatum
1192 961 1476 1038 Monasterium
1553 989 1698 1041 auen-0

175 1089 256 1142 seo
283 1064 330 1138 ad
353 1062 390 1136 S.
413 1059 835 1161 Petrum,.l’1incipem
858 1059 1002 1134 Christi
1022 1061 1316 1157 Apostolorirm,
1342 1075 1381 1135 et
1406 1063 1455 1135 ad
1473 1061 1512 1136 S.
1528 1061 1691 1140 ‘Emme-

174 1185 322 1240 ramum
352 1173 558 1262 martyrem
584 1157 742 1251 Christi,
775 1171 814 1234 et
832 1153 1122 1260 jussimus-fieri
1145 1171 1294 1234 nostrae
1323 1157 1555 1258 auctoritatis
1579 1187 1694 1272 prae*

177 1273 346 1372 ceptum,
371 1279 442 1356 per
461 1260 568 1357 quod
589 1257 838 1348 decernimus,
863 1279 979 1356 atque
994 1251 1185 1357 jubemus,
1210 1270 1255 1330 ut
1281 1256 1328 1330 ab
1351 1257 1536 1356 hodierna
1561 1259 1632 1333 dre·
1647 1273 1693 1335 et

141 1369 144 1382 '
178 1362 360 1456 deinceps
386 1369 617 1432 memoratus
639 1356 674 1430 E
702 1356 852 1455 iscopus
873 1379 943 1454 per
966 1355 1154 1428 honoreus
1181 1353 1223 1426 B.
1254 1352 1358 1428 Petri
1382 1354 1557 1454 Apostoli
1583 1370 1622 1431 et
1650 1357 1691 1430 S.

175 1455 410 1544 Emmeram‘i
438 1452 612 1568 martyris
646 1384 786 1526 Christi
817 1451 920 1528 idem
951 1451 1230 1525 Monasterium
1258 1477 1344 1526 curn
1368 1451 1546 1526 omnibus
1574 1455 1697 1530 rebus·

116 1591 120 1597 ·
174 1549 318 1650 adhoc
342 1551 637 1654 pertinenubus,
665 1564 703 1624 et
727 1574 859 1625 omnes
884 1551 1124 1625 successores
1148 1545 1318 1650 ejusdem
1342 1548 1525 1649 Episcopi
1543 1550 1686 1652 absque

175 1650 301 1752 aliqua
332 1650 635 1728 contradictione
662 1645 831 1722 liliorum
851 1661 1104 1740 nostrorum,
1143 1647 1395 1746 omniumque
1423 1647 1464 1721 in
1492 1660 1692 1745 posterunr'
1782 1725 1787 1736 ,

174 1775 430 1825 successorum
449 1761 677 1838 nostrorum,
703 1742 864 1820 firmiter
882 1745 1060 1837 habeant,
1087 1757 1126 1821 et
1142 1746 1325 1822 securiter
1344 1743 1567 1850 possideant,
1594 1773 1685 1844 qua·
1737 1759 1748 1780 ³

174 1859 288 1938 tenus
313 1843 681 1935 FratresDomino,
718 1855 757 1919 et
778 1837 918 1917 Sancto
945 1845 1189 1918 Emmeramo
1207 1837 1449 1935 famulantes,
1482 1867 1551 1941 pro
1574 1845 1688 1917 nobis

45 1969 51 1976 ’
173 1959 292 2045 atque
322 1937 503 2044 conjuge,
535 1967 610 2018 nec
636 1969 719 2016 non
744 1969 815 2041 pro
834 1939 1034 2014 'karissima
1059 1946 1166 2039 prole
1191 1955 1338 2033 nostra,
1375 1953 1414 2015 et
1445 1953 1545 2014 statu
1569 1941 1689 2016 totius

172 2041 283 2140 regni
303 2037 424 2116 nostri
450 2038 540 2115 inde
560 2037 695 2114 melius
717 2041 883 2115 delectet
904 2037 1064 2112 Domini
1085 2038 1327 2113 clementiam
1350 2061 1517 2114 exorare.
1568 2037 1619 2112 Et
1642 2051 1686 2114 ut

173 2141 269 2216 haec
292 2137 494 2213 auctoritas
524 2151 673 2214 nostrae
701 2135 964 2224 concessionis
984 2135 1130 2210 firmior
1161 2135 1361 2228 habeatur,
1401 2156 1440 2212 et
1461 2160 1532 2235 per
1556 2136 1687 2212 lutura
1732 2190 1751 2224 .,

174 2247 350 2336 tempora
376 2235 424 2312 ab
450 2235 626 2312 omnibus
653 2233 830 2310 fidelibus
853 2233 989 2326 nostris
1019 2233 1155 2308 melius
1177 2235 1370 2327 credatur,
1404 2247 1443 2310 et
1466 2231 1691 2327 diligentins

176 2333 421 2425 observetur,
453 2359 569 2414 manu
594 2331 746 2434 propria
773 2345 902 2407 nostra
931 2333 1062 2408 subter
1092 2357 1176 2407 eam
1206 2329 1456 2426 firmavimus,
1492 2331 1693 2412 etannuli.
1752 2327 1761 2336 ’

173 2431 570 2544 nostriimpressione
597 2431 738 2545 subter.
765 2457 849 2506 eam
879 2428 1017 2542 signari
1044 2429 1233 2531 Jusssmus
1312 2431 1409 2543 Data
1438 2429 1568 2542 IIYII.
1602 2429 1686 2507 Kal.

176 2530 314 2604 Marcu
344 2529 460 2642 Anno
488 2530 717 2642 Domrnrcae
743 2527 1020 2640 Incamatronrs
1049 2523 1341 2606 DCCCXIIXI.
1372 2527 1583 2635 rndtctrone
1616 2527 1685 2639 XI:

175 2651 428 2805 {rprffleegsrerpl
430 2628 686 2802 cljppdorpppp
689 2625 816 2809 1{legis
841 2625 930 2707 VII.
982 2627 1126 2702 Actum
1157 2639 1213 2701 est
1239 2625 1508 2724 Regenesburc
1538 2648 1579 2702 111
1607 2625 1687 2700 Der

424 3014 538 3094 Num.
563 3013 748 3096 XXVIII.
796 3013 879 3094 833.
922 3043 979 3116 ²7·
998 3017 1102 3122 Maii.
1152 3017 1214 3094 Ex
1240 3014 1437 3116 Originali.

177 3153 352 3217 Ludovicus
373 3155 440 3216 Rex
460 3155 673 3216 Baioariorum
695 3134 864 3214 Ecclesiam
886 3173 985 3233 prope
1006 3153 1184 3234 Dingolfing
1209 3155 1367 3214 Coenobio
1390 3129 1561 3215 cathedrali
1582 3153 1688 3218 Sancti

774 3261 963 3320 Emmerami
983 3260 1089 3320 doust·

275 3404 324 3480 In
350 3401 508 3478 nomine
535 3401 682 3483 domini
708 3401 826 3478 nostri
845 3405 935 3481 Iesu
957 3401 1118 3496 Christi,
1155 3401 1218 3478 dei
1242 3401 1527 3574 omnIpotentis.
1590 3401 1687 3477 Hlu-

179 3499 375 3579 doiruicua
395 3499 522 3576 divina
542 3501 724 3596 largiente
744 3499 863 3598 gratia
888 3504 971 3577 Rex
1000 3500 1295 3578 Baioariorum'
1371 3501 1386 3576 i
1409 3527 1495 3596 erga
1514 3504 1600 3576 loca
1630 3497 1686 3574 di·

176 3600 274 3677 vinis
294 3598 459 3674 cultibus
480 3597 689 3696 mancipata
703 3611 864 3699 propter
884 3623 1054 3674 amorem
1074 3598 1149 3693 dei,
1175 3623 1385 3698 eorumque
1402 3598 1446 3673 in
1467 3598 1609 3674 eisdem
1629 3601 1686 3672 lo-

179 3697 231 3774 cis
256 3697 328 3773 sibi
355 3695 618 3788 Iasnulantium
640 3694 830 3773 beneficia
859 3716 1076 3808 opportuna
1101 3699 1297 3796 legimur,
1338 3695 1546 3794 praemium
1573 3694 1686 3770 nobis

167 3798 224 3870 ad
254 3794 452 3868 dominum
482 3793 524 3868 in
551 3807 704 3870 aeterna
729 3793 968 3872 beatitudine
998 3796 1169 3896 recipere
1200 3791 1437 3871 confidimus
1517 3793 1693 3868 Proinde,

178 3891 387 3990 comperiat
412 3893 584 3966 omnium
608 3887 780 3967 fidelium
801 3905 1037 3987 nostrorum,
1069 3889 1324 3991 praesentium
1348 3891 1492 3967 scilicet
1517 3905 1556 3970 et
1583 3893 1687 3965 lutu-

177 4014 306 4066 rorum
328 3987 520 4080 industria,
548 3988 636 4088 quia
661 4015 729 4062 nos
749 4013 819 4087 pro
841 3991 1026 4066 mercedis
1042 4002 1193 4065 nostrae
1214 4002 1421 4086 augmento
1449 4003 1489 4064 et
1506 4001 1682 4066 aeternae

176 4085 437 4163 retributionis
463 4087 588 4160 huctu
613 4081 915 4161 confirmavimus
934 4091 981 4162 ad
1009 4085 1285 4170 Monasterium
1309 4085 1429 4162 sancti
1451 4083 1684 4168 Emmerami

175 4182 348 4288 martyris
370 4181 528 4277 Christi,
559 4181 628 4260 ubi
646 4183 750 4264 idem
774 4184 1087 4283 praeclarissimus
1108 4189 1254 4290 martyr
1278 4209 1440 4290 corpore
1464 4182 1711 4287 requiescib*
