3648 4850
725 245 1129 411 affara&-

130 459 303 582 terrain
326 457 493 545 babebat
515 456 559 539 in
581 467 688 559 agris,
713 459 757 540 in
777 459 942 554 basilica,
973 461 1012 536 ln
1038 456 1312 558 decimacione,
1338 471 1492 565 quesitis
1519 465 1649 552 etin·¹

200 659 405 738 nestorium
428 669 468 754 et
492 656 848 736 sanctimonialibus
867 657 963 735 inibi
986 655 1075 734 Deo
1105 658 1353 758 servientibus
1378 671 1418 734 in
1442 663 1643 764 proprium

125 786 240 839 usum
255 737 431 846 tradidit,
457 779 502 832 ea
517 753 684 862 ratione,
710 755 816 855 quod
834 765 1051 854 praescripti
1071 755 1300 858 Werinbarii
1324 754 1419 849 fitia,
1445 777 1484 834 et
1502 773 1641 850 sororis

126 853 210 959 ejus
230 853 308 930 filia
336 853 496 948 Berhta,
521 851 568 926 si
589 851 632 926 in
658 875 739 952 Jam
765 853 869 928 dicto
892 851 1127 928 Mortasterio
1147 857 1310 949 regnan
1334 853 1413 930 vite
1435 860 1642 936 succedere

124 953 352 1044 voluissent,
372 947 577 1028 monachili
601 961 807 1028 uterentur
828 975 1000 1044 annona3
1035 948 1068 1026 si
1094 965 1225 1028 autem
1245 953 1294 1026 ad
1315 955 1485 1064 regulare
1505 953 1643 1055 propo·

123 1053 244 1130 situm
265 1047 464 1152 pervenire
489 1049 665 1140 voluntas
687 1073 769 1125 non
790 1067 906 1139 esset,
937 1073 1009 1148 pro
1031 1072 1097 1124 sue
1116 1069 1162 1122 ao
1181 1045 1306 1128 mariti
1324 1049 1424 1124 illim
1444 1049 1642 1148 strennui

121 1159 254 1224 anime
274 1143 447 1222 remedio
462 1153 517 1222 sic
544 1143 689 1218 dictum
707 1159 752 1220 ut
767 1144 1155 1244 datumpersisterce·
1190 1141 1317 1246 Hujus
1338 1157 1394 1222 rei
1408 1161 1522 1224 testes
1536 1159 1654 1234 sunta·
1696 1191 1705 1209 ν

124 1243 244 1337 Pabo,
270 1241 473 1338 Magonus,
494 1242 637 1338 Archo,
669 1227 968 1333 Werettbardus,
994 1241 1253 1340 Megenbalm,
1285 1243 1433 1336 Rafold,
1465 1242 1672 1341 Hertattt,'1

9 1391 11 1422 J
125 1341 416 1442 Engilperbtus,
441 1341 569 1435 iiiito,
593 1337 769 1440 Gotpolt,
794 1339 913 1432 outo,
940 1337 1181 1439 Eremprelrt,
1206 1339 1408 1438 Heinrich,
1425 1341 1619 1442 Reginolt.
1691 1355 1697 1370 '

355 1641 357 1657 '
392 1625 509 1705 Num.
536 1623 696 1708 01.th
728 1635 834 1706 1052.
865 1646 919 1722 14.
944 1626 1048 1705 iulii.
1097 1557 1382 1726 FnOrigimtli·

9 1811 10 1818 ¹
124 1785 334 1854 Confirmatio
357 1783 450 1872 licpia
471 1749 601 1851 licnrici
620 1789 675 1847 ill.
701 1805 797 1864 anper
818 1785 893 1846 duaa
914 1791 1013 1846 terras
1036 1787 1070 1847 in
1094 1793 1126 1846 ct
1142 1793 1236 1854 entra
1257 1753 1480 1864 Ratiaponm,
1499 1793 1532 1849 et
1548 1803 1647 1868 uper

507 1899 643 1957 meteres
661 1891 845 1954 lionmtarii
863 1891 1036 1970 superioris
1054 1893 1274 1970 mutones·

244 2035 292 2116 In
322 2033 480 2114 nomine
509 2047 641 2116 sancta
676 2048 716 2114 et
743 2031 939 2112 individue
973 2030 1187 2130 Trinitatis,
1222 2033 1483 2114 H.einricus
1517 2023 1667 2116 divina

125 2131 283 2216 invente
311 2124 513 2211 clementia
537 2135 800 2208 Romanorum
823 2137 1037 2232 imperator
1062 2135 1266 2230 Augustus.
1326 2133 1368 2211 si
1390 2133 1532 2234 xpiane
1558 2131 1651 2214 reli·-

130 2233 257 2333 gionis
272 2245 312 2308 et
331 2230 501 2328 angelice
515 2231 811 2307 conversationis
829 2244 1016 2306 amatores
1035 2245 1164 2308 nostre
1187 2225 1421 2310 liberalitatis
1438 2227 1643 2328 beneficio,

129 2361 211 2434 quo
232 2327 405 2406 securius
422 2329 509 2404 Deo
528 2337 669 2414 servire
686 2325 841 2427 possint,
867 2325 1053 2403 consolari
1071 2329 1338 2422 studuerimus,
1363 2341 1403 2405 et
1424 2344 1644 2408 eternorum

155 2427 369 2506 remiorum
403 2449 568 2502 unacum
600 2423 678 2504 illis¹
705 2453 779 2502 nos
808 2425 1010 2528 participes
1039 2423 1122 2500 lieri
1158 2451 1225 2526 spe
1265 2437 1370 2502 certa
1397 2425 1661 2506 »confidimns

128 2457 300 2604 iminde
321 2521 498 2598 omnibus
519 2527 599 2626 uxpt
614 2523 810 2624 nostrique
834 2523 1008 2600 fidelibus
1024 2521 1249 2615 innotescat,
1275 2525 1437 2624 qualiter
1454 2522 1506 2598 ob
1528 2525 1662 2602 inter·-

10 2647 12 2672 ¹
127 2643 295 2704 rentum
320 2647 366 2698 ac
392 2618 627 2720 peticionem
649 2622 869 2718 Agnetis,
902 2629 1020 2694 nostri
1048 2620 1149 2694 thori
1177 2643 1220 2695 ac
1250 2620 1357 2716 regni
1383 2621 1529 2698 scilicet
1553 2649 1645 2699 con·

126 2721 244 2800 sortis
271 2716 520 2820 imperatricis
547 2731 726 2816 auguste,
761 2716 910 2792 cuidam
930 2715 1102 2792 Ecclesie
1127 2717 1168 2792 in
1195 2717 1381 2794 honorem
1411 2733 1539 2796 sancte
1567 2715 1645 2798 Dei

11 2821 12 2892 J
125 2811 329 2918 genitricis
362 2839 585 2916 semperque
623 2809 789 2911 Virginis
819 2815 943 2889 Marte
984 2814 1079 2888 inira
1107 2811 1421 2916 Ratisponensem
1454 2815 1645 2894 civitatem

11 2925 13 3012 Q
127 2927 366 3008 constructe,
389 2932 467 3012 que
487 2918 604 3010 vulgo
630 2911 1049 2988 obrenmunsture
1075 2911 1226 3004 dicitur,
1249 2913 1317 2988 ubi
1336 2914 1562 2992 venerahilis
1579 2915 1645 2990 ab.

126 3013 270 3092 batissa
292 3007 443 3085 Willa
468 3008 678 3107 virginibus
698 3010 769 3086 sub
793 3011 922 3106 regula
940 3009 1163 3086 monachica
1183 3010 1273 3088 Deo
1294 3012 1541 3096 servientibus
1559 3035 1643 3110 pre·

128 3131 214 3190 csse
236 3110 407 3200 videtur,
432 3111 620 3210 quandam
643 3117 779 3184 terr'am
805 3121 910 3184 extra
933 3101 1184 3184 meridianum
1204 3131 1355 3182 murum
1379 3105 1569 3201 Civitatis,
1603 3121 1645 3185 et

12 3269 13 3272 ,
82 3299 89 3312 ι
126 3209 435 3322 infraplateam,
460 3230 575 3304 quea
596 3217 704 3305 parte
724 3207 897 3284 orientali
918 3201 1043 3281 tendit
1063 3205 1304 3320 perportant
1334 3195 1525 3296 Civitatis,
1566 3229 1651 3307 que,
1786 3299 1791 3306 ί

128 3319 359 3383 nominantur
380 3299 499 3378 sancti
522 3301 782 3380 Hemmerami
803 3317 924 3404 porta,
949 3319 1177 3378 monasterio
1191 3293 1373 3402 proxime
1392 3299 1644 3399 adiacentem,

128 3415 173 3480 in
204 3389 448 3496 longitudine
473 3395 679 3476 habentem
714 3411 875 3500 perticas
901 3399 986 3476 XX.
1019 3413 1060 3476 et
1087 3399 1129 3474 in
1156 3400 1355 3474 latitudine
1379 3397 1492 3475 viil.
1531 3401 1643 3478 aliam
1758 3417 1762 3424 '

128 3521 227 3580 vero
251 3509 353 3574 intra
383 3491 588 3574 Civitatem
621 3510 754 3592 extra
784 3491 1027 3597 antiquum
1064 3517 1242 3570 murum
1270 3509 1318 3571 et
1350 3492 1446 3596 inira
1477 3501 1643 3598 plateam

128 560 341 740 ppnendis,
373 589 460 638 cum
487 585 602 636 manu
634 556 704 636 filii
726 557 786 636 sui
812 557 1047 638 Weriuharii
1076 572 1205 638 sancte
1236 559 1358 638 Marie
1393 563 1441 638 ati
1469 575 1644 664 superins
1720 597 1724 606 ·
1777 569 1784 580 ’

130 3597 348 3700 jacentem,
386 3593 453 3693 qui
477 3617 607 3672 murus
633 3610 670 3672 et
694 3619 768 3766 que
792 3591 918 3764 platea
941 3619 964 3668 a
986 3607 1095 3693 porta
1117 3593 1287 3701 predicta
1310 3587 1476 3669 tendunt
1500 3597 1547 3668 nd
1571 3595 1644 3672 Eo·
1733 3617 1739 3628 ‘
1763 3665 1769 3676 ,
1801 3664 1808 3680 ,

131 3699 300 3784 alesiam,
333 3691 696 3805 queffvulgariterA
735 3718 785 3766 ac
828 3689 975 3768 iricha
1007 3687 1148 3768 dicitur
1170 3711 1277 3793 Juxta
1308 3687 1445 3768 atrium
1468 3685 1646 3790 prelibati

129 3788 356 3870 monasterii
380 3779 423 3864 in
446 3780 688 3888 longitudine
711 3779 886 3866 similiter
906 3779 1068 3890 perticas
1096 3787 1181 3864 XX.
1203 3784 1412 3866 habentem
1440 3805 1477 3862 et
1498 3788 1539 3865 tn‘
1560 3786 1641 3866 lati·
1742 3877 1745 3882 y

131 3891 270 3982 tudine
294 3883 573 3986 X.·ceteraque
599 3886 695 3964 inira
717 3902 755 3962 et
779 3895 883 3960 extra
910 3880 1132 3978 Civitatem,
1161 3913 1237 3964 nec
1264 3909 1345 3964 non
1372 3901 1412 3964 et
1439 3882 1566 3962 omnia
1593 3885 1644 3964 ab

129 3983 436 4064 antecessoribus·
453 3983 589 4062 nostris
613 3979 764 4080 regibus
786 3979 848 4058 vel
869 3983 1157 4081 imperatoribus
1179 3981 1225 4058 ad
1244 3987 1345 4061 idem
1371 3986 1640 4063 monasterium

129 4079 401 4186 improprium
423 4075 570 4158 tradita·
586 4097 702 4183 atque
726 4073 948 4156 confirmata
977 4079 1018 4178 in
1045 4075 1239 4158 Comitatu
1266 4074 1441 4159 Heinrici
1469 4081 1641 4178 Comitis,

131 4183 270 4278 eadem
291 4205 369 4266 nos
389 4191 620 4276 monasterio
636 4180 783 4284 prelato
802 4191 1042 4359 cunt2qostra
1060 4179 1245 4285 imperiali
1263 4176 1491 4261 auctoritate
1514 4207 1640 4265 corro-

1810 3999 1814 4080 t

1754 4105 1814 4290 *t
