3710 4838
779 218 853 322 ’ἢ
904 183 1095 314 ⁶20²«-
1157 180 1258 293 Ἃ

250 470 253 478 ,
295 383 299 392 ’
416 381 766 464 Νυιη..Ι)ΧῘΝΙΙΙ
820 403 923 482 1270.
949 405 1008 480 25.
1036 383 1143 462 Maii.
1192 379 1252 460 Ex
1277 380 1478 482 originali.

166 541 174 606 j
243 521 398 599 silenditio
415 524 537 618 Curiae·
551 525 586 584 in
600 511 796 618 'Einhauaem
825 543 862 584 ac
878 525 991 621 §uriae
1020 529 1052 584 et
1071 525 1172 584 hubae
1199 524 1233 582 in
1252 519 1373 606 sitting,
1393 524 1551 583 reservato
1570 521 1639 598 iare
1660 577 1662 584 ,

210 717 218 730 ἱ
805 629 1046 706 'reemptionis
1145 663 1146 668 κ
1423 625 1428 634 '
1478 711 1483 726 .

77 830 79 851 ,
282 755 364 834 Nos
394 733 491 846 Leo
517 751 760 832 miseratione
787 752 914 830 divina
941 724 1134 857 Ratispon.
1159 747 1276 926 Epor,
1296 747 1483 830 universis
1508 747 1688 855 presentia
1753 746 1756 750 ’
1819 821 1820 834 t

171 851 408 958 'inspecturis
425 857 601 929 volumus
616 874 696 930 esse
709 857 859 946 notoni,
883 851 988 1026 ‹ppod
1005 877 1094 928 cum
1113 851 1160 926 ha
1189 875 1336 927 eremus
1353 855 1578 928 necessarias
1592 849 1638 925 60
1651 866 1689 924 tt.
1818 925 1820 944 ,

35 924 36 928 ¹
158 957 313 1033 denar.
352 954 436 1026 Rat.
469 979 540 1052 pro
569 950 767 1030 solvendis
806 951 903 1026 Purc
932 952 1006 1027 uiis
1046 948 1307 1050 (castellanis)
1339 950 1486 1025 dilectis
1521 947 1689 1024 fidelibus
1818 983 1820 1024 t

104 1057 105 1062 ’
164 1053 260 1148 'nris
286 1049 494 1126 Chunrado
520 1051 568 1126 de
595 1048 1256 1140 Hohenvels,Gstzwtnowaiter,
1281 1046 1474 1124 Friderico
1495 1047 1551 1122 d·
1566 1045 1694 1140 Perge,
1760 1115 1762 1120 ,

183 1172 223 1228 et
245 1147 431 1248 expensis,
457 1173 545 1247 quas
570 1133 727 1232 fecimus
745 1146 786 1221 in
814 1147 1044 1223 adductione
1066 1144 1514 1233 uxoris'dictissirunradi
1540 1143 1691 1220 detto·

45 1271 47 1280 ⁴
129 1291 145 1311 ··
180 1249 358 1339 heuvels,
387 1261 424 1320 et
451 1243 534 1320 aliis
559 1244 785 1326 utilitatibus
812 1243 985 1322 Ecclesia
1018 1255 1099 1337 nre,
1126 1267 1216 1343 quas
1241 1245 1419 1318 distincte
1446 1245 1690 1342 ac'expresse
1819 1249 1820 1256 ³

46 1391 47 1396 =
77 1404 80 1412 ,
180 1345 223 1420 in
250 1371 321 1419 nro
342 1355 536 1444 posuimus
554 1343 734 1439 registro,
758 1352 985 1434 sentientes,
1011 1342 1120 1416 nobis
1146 1365 1194 1416 ex
1216 1339 1289 1414 hiis
1314 1339 1454 1416 debitis
1477 1341 1690 1416 adcrescere
1818 1423 1820 1430 ὲ

182 1445 346 1614 damspna
373 1440 500 1536 gravia
521 1454 560 1518 et
584 1447 732 1532 usuras,
756 1439 998 1540 vendidimus
1021 1437 1161 1520 dilecto
1190 1435 1295 1514 fideli
1317 1464 1389 1512 nro
1411 1437 1557 1526 ⁴Ottoni
1585 1433 1691 1538 militi

182 1542 232 1618 de
286 1539 465 1636 trubinga
487 1537 642 1614 Curiam
673 1565 778 1614 nram
798 1535 839 1611 in
866 1537 1141 1614 Einhausen
1168 1534 1309 1636 (prope
1328 1535 1613 1632 Straubingarn)
1640 1545 1691 1608 te·

171 1637 346 1744 mendam
374 1634 486 1712 titulo
513 1635 651 1712 feodali
675 1661 744 1734 pro
772 1637 818 1710 60
836 1646 880 1707 tt.
907 1637 1034 1710 denar.
1067 1635 1151 1708 Rat.
1175 1633 1397 1734 prenotatis.
1427 1636 1495 1708 -ln
1521 1653 1693 1713 remano·
1711 1691 1729 1716 ,.

179 1737 374 1813 racionem
407 1758 562 1832 quoque
584 1758 652 1809 sue
681 1729 901 1810 devocionis
925 1731 1151 1824 indulsimus
1176 1721 1306 1808 eidem
1325 1729 1474 1822 Ottoni,
1507 1725 1693 1808 redimere
1818 1753 1820 1758 ·

62 1912 65 1924 ‚
207 1861 251 1908 ro
277 1851 329 1916 to·
344 1845 387 1907 tt.
414 1833 540 1906 denar.
563 1831 645 1904 Rat.
671 1829 712 1908 in
736 1831 832 1906 sesto
857 1829 1133 1929 purificationis
1155 1853 1257 1904 nunc
1279 1849 1439 1918 venturo
1462 1855 1483 1904 a
1508 1825 1694 1907 Gozwino
1808 1821 1820 1918 'J

89 1921 92 1934 ’
178 1859 373 2014 ilVihsario
397 1925 551 2004 Curiam
582 1941 621 2004 et
641 1927 788 2016 ,hubam
815 1927 983 2002 'nostram
1003 1930 1045 2004 in
1064 1926 1224 2023 Ating‚
1260 1951 1334 2098 pue
1358 1927 1483 2002 eidem
1502 1923 1720 2001 Wihsario·
1813 1919 1817 1994 ἶ

178 2051 251 2130 per
269 2041 525 2122 antecessores
550 2051 638 2100 nros
667 2053 738 2125 pro
765 2023 875 2101 dictis
900 2051 948 2125 40
975 2039 1017 2100 tt.
1043 2025 1190 2102 fuerant
1215 2026 1266 2100 ob
1284 2035 1394 2121 igate,
1428 2018 1523 2098 datis
1550 2023 1695 2100 adhoc
1815 2039 1817 2055 ‘

79 2165 84 2173 ·
175 2125 307 2202 eidem
334 2122 475 2198 Ottoni
503 2120 802 2224 fidejussoribus,
840 2125 1019 2208 videlicet
1049 2121 1396 2198 dileetisfidetibns
1430 2121 1571 2197 nostris
1597 2119 1696 2195 itud·
1819 2129 1820 2142 ¹

65 2296 69 2304 .
177 2243 270 2320 'gero
291 2221 413 2298 milite
436 2223 483 2296 dc
512 2221 679 2321 Capella,
711 2243 836 2300 nunc
859 2223 1024 2318 Magro
1052 2219 1252 2310 Civium,
1286 2234 1325 2296 et
1349 2211 1497 2296 Ditrico
1520 2219 1696 2296 deOvve
1818 2227 1820 2326 ξ

177 2319 313 2411 milite,
341 2321 456 2420 'quod
479 2320 509 2394 si
539 2335 632 2395 tunc
660 2329 841 2417 temporis
867 2318 989 2392 dictus
1017 2319 1113 2392 Otto
1143 2327 1182 2392 in
1199 2319 1472 2417 'redemptione
1505 2317 1627 2394 Curie
1658 2323 1699 2390 et

176 2419 282 2496 huba
304 2419 346 2492 in
371 2415 492 2512 Ating
520 2415 633 2491 fuerit
661 2415 879 2516 impeditus,
913 2416 1006 2492 dicti
1027 2410 1266 2518 fidejussores
1288 2419 1351 2492 vel
1372 2419 1469 2491 alter
1493 2423 1643 2506 eorum,
1666 2421 1696 2486 si

34 2597 38 2612 Β
176 2543 275 2592 unus
297 2529 481 2614 superstes
505 2541 584 2587 non
607 2512 733 2608 fuerit,
766 2514 917 2590 tanturn
937 2513 985 2588 de
1006 2513 1218 2591 redditibus
1241 2539 1390 2608 suarum
1414 2515 1696 2614 possessionum
1730 2579 1733 2596 ,

52 2696 55 2700 ,
175 2615 417 2711 assignabunt
441 2611 512 2711 ipsi
534 2612 683 2704 Gitoni,
717 2630 901 2713 quantum
928 2611 1042 2686 Curia
1073 2627 1113 2686 et
1135 2611 1239 2688 huba
1264 2611 1435 2711 predicte
1455 2613 1608 2688 solvere
1630 2635 1695 2682 an·

60 2801 65 2810 ἱ
175 2724 235 2789 nis
259 2711 413 2806 singulis
441 2725 738 2785 consueverunt:
772 2708 935 2812 predicti
960 2735 1057 2804 vero
1080 2705 1332 2810 fidejussores,
1363 2697 1394 2783 si
1421 2709 1539 2786 ambo
1568 2703 1696 2785 medio

153 2821 351 2908 ¹ternpore
375 2807 615 2900 decesserint,
648 2835 716 2904 nos
748 2809 814 2884 vel
841 2809 1044 2886 Successor
1062 2823 1203 2900 noster,
1240 2817 1301 2906 qui
1326 2833 1395 2906 pro
1417 2821 1599 2908 tempore
1622 2804 1697 2879 fue·

174 2904 237 3000 rit,
262 2903 481 2982 tenebimur
502 2921 714 2980 memorato
735 2907 876 2982 Ottoni
897 2907 945 2982 ad
970 2903 1202 2980 solutionem
1225 2905 1435 2980 eorundem
1459 2903 1696 2992 reddituum,

69 3051 93 3070 .·
173 3019 218 3081 ut
245 3019 302 3082 est
327 2999 489 3095 dictum,¹
521 3029 719 3104 quousque
741 3029 811 3104 pro
837 3007 948 3098 soti.
975 3003 1101 3077 denar.¹
1129 3001 1213 3084 ilat.
1232 3029 1341 3100 .quas
1364 3001 1412 3077 ab
1438 2999 1594 3077 Ottone
1618 2997 1694 3100 jam
1743 3069 1747 3076 .

175 3101 281 3179 dicto
314 3101 555 3202 recipiemus,
596 3101 749 3178 Curiam
778 3123 816 3180 et
843 3103 986 3178 hubam
1013 3111 1054 3173 in
1087 3102 1206 3198 Aring
1237 3100 1471 3176 'aGozwino
1500 3095 1696 3180 Wihsarlo

173 3201 423 3291 absolvemus,
461 3212 552 3300 quas
588 3199 701 3276 etiam
732 3217 825 3276 tunc
852 3197 1001 3276 tenebit
1034 3201 1145 3272 titulo
1172 3197 1322 3274 feodali.
1371 3197 1441 3272 Est
1472 3195 1593 3275 etiarn
1622 3195 1695 3268 hoc

173 3297 380 3400 adjectum,
407 3299 514 3468 guod
543 3323 612 3373 nos
643 3301 705 3373 vel
739 3297 797 3371 nri
825 3297 1066 3372 Successores
1096 3319 1118 3369 a
1146 3295 1317 3395 sepetato
1347 3293 1498 3370 Ottone
1528 3297 1595 3371 vel
1624 3298 1697 3367 suis

172 3397 377 3474 heredibus
442 3397 558 3470 uriam
590 3402 631 3470 in
657 3394 888 3486 Einhause‘n,
916 3392 1069 3470 Curiam
1104 3405 1143 3467 et
1175 3391 1319 3468 hubam
1345 3401 1383 3466 in
1413 3393 1537 3489 Ating
1569 3411 1694 3488 supra·
1757 3455 1758 3458 ,

175 3489 291 3570 dictas
310 3518 378 3594 pro
404 3517 471 3566 100
491 3505 534 3567 at.
561 3495 686 3568 denar.
713 3493 793 3568 itar.
814 3499 1046 3606 quocunque
1069 3500 1159 3564 anni
1173 3504 1348 3591 tempore
1367 3491 1476 3564 nobis
1494 3486 1694 3598 placuerit,

172 3595 370 3673 reemendt
396 3591 510 3666 simul
535 3603 574 3666 et
602 3595 720 3668 semel
741 3589 947 3666 habeamus
971 3589 1128 3666 liberant
1150 3588 1380 3664 iacrrltaiem.
1432 3589 1480 3680 ln
1505 3613 1556 3660 eu
1573 3613 1617 3660 us
1641 3591 1693 3657 rei

172 3688 437 3781 testimonium
465 3705 658 3789 presentes
684 3683 827 3766 litteras
853 3688 1081 3782 Sigillorum,
1121 3687 1242 3762 nostri
1270 3684 1449 3762 videlicet
1478 3697 1519 3760 et
1599 3691 1694 3757 tonis
1818 3679 1820 3764 ῗ

167 3787 423 3868 nominatise
452 3796 507 3860 ius
532 3785 747 3864 munimine
775 3787 917 3888 placuit
944 3783 1124 3862 roborari.
1174 3789 1332 3860 Actum·
1353 3782 1567 3884 Ratispone
1593 3801 1692 3856 anno
1819 3829 1820 3872 .

139 3885 142 3894 '
174 3887 240 3962 dni
264 3899 369 3961 taio.
438 3887 503 3966 tit.
529 3883 613 3968 Kal.
638 3884 752 3958 iunii.

140 4091 142 4098 y
251 4015 330 4076 Duo
364 4015 484 4098 Sigilta
506 4013 638 4096 integra
660 4012 871 4097 appenderem
900 3972 1055 4099 signium
1080 3981 1207 4076 Ottonis
1230 4019 1275 4072 est
1298 4007 1514 4097 triangulare
1534 4029 1612 4074 evm
1687 4085 1694 4091 ,
1779 4079 1788 4106 Ι
1819 4031 1820 4038 “

404 4117 731 4216 (ζίτουηιεσνὶρὲὲοιιεε
770 4119 796 4206 ‘1'
824 4121 856 4188 S.
888 4117 1076 4186 Ottonis.
1113 4117 1167 4184 de.
1199 4115 1450 4202 Strubinga.
1801 4097 1807 4116 κ
