3718 4848
7 1421 9 1456 ¹
151 1497 156 1514 .
198 1428 442 1506 Eberhardus
473 1443 598 1526 major

680 253 717 344 .'
789 288 1109 370 vtetur*

7 457 9 508 t
74 468 77 474 '
198 459 335 539 nennio
357 467 435 531 iam
457 447 592 548 uultis,
612 461 726 554 qaam
744 453 918 550 'inantia
943 456 1049 558 quod
1075 450 1174 533 dnus
1195 455 1484 536 monsterius
1512 459 1707 568 Ratisport.

197 559 314 656 Epor,
338 552 541 656 imperialis
568 556 656 630 aule
682 552 938 630 cancellarius
961 553 1093 632 Ecclie
1118 571 1186 632 sue
1209 555 1381 632 absolute
1407 575 1639 661 compararit
1661 565 1708 652 in

227 665 408 752 ropriunr,
432 651 481 723 ab
505 649 589 749 ipso
612 649 654 724 in
675 649 790 726 feodo
814 651 943 754 recepi
957 651 1024 728 tali
1041 651 1264 734 conditione
1275 653 1453 748 adhibita,
1480 659 1583 757 quod
1606 660 1709 740 idern

197 683 377 850 bostrum
394 773 487 823 oum
502 745 612 822 bonis
637 758 904 846 prenominatis
928 752 976 825 ad
1000 751 1147 826 nullum
1165 751 1352 828 heredum
1375 775 1550 830 meorum
1574 755 1708 834 derol-
1760 797 1762 802 ·

103 859 105 862 ’
197 862 321 940 ratur,
347 855 412 946 qui
437 869 516 918 non
541 844 655 919 fuerit
679 848 928 922 ministerialis
953 845 1146 948 Ratispon.
1171 847 1314 941 Eoolie,
1340 852 1404 925 vel
1428 849 1493 950 qui
1514 850 1708 931 matrimo-

162 951 165 958 '
197 955 306 1025 nium
331 967 412 1018 non
436 940 669 1016 contraierit
694 961 783 1017 eum
805 943 945 1020 familia
970 943 1085 1046 ipsius
1101 944 1285 1038 Ecclesia,
1309 947 1377 1024 aed
1402 947 1623 1047 quantocius
1642 949 1708 1026 he·

199 1043 314 1137 redes
332 1039 414 1115 mai
436 1035 484 1112 ab
508 1038 637 1113 Ecolia
660 1039 743 1113 Rat.
768 1041 922 1118 alienati
946 1041 1099 1134 luerint,
1135 1042 1308 1118 Castrum
1332 1046 1594 1143 sepedictum
1619 1069 1709 1122 oum

200 1136 315 1214 dictis
329 1155 334 1174 “
347 1133 575 1242 attinentiis¹
590 1136 637 1234 ati
665 1137 943 1236 possessionem
975 1138 1189 1214 absolutam
1219 1138 1323 1213 Ratis
1350 1165 1414 1216 on.
1445 1140 1617 1219 Ecclesie
1648 1163 1710 1220 re·

196 1248 377 1330 periatur.
403 1254 420 1285 τ·
434 1235 482 1306 ln
507 1255 614 1332 0qu
643 1243 701 1308 rei
724 1233 949 1311 memoriam
973 1245 1190 1335 presentem
1223 1167 1397 1311 scarbin
1422 1238 1609 1316 conscribi
1633 1225 1708 1316 seoi
1780 1271 1785 1278 ·

199 1346 241 1409 et
265 1331 397 1433 sigilio
422 1325 490 1404 dni
516 1325 692 1427 Comitis
710 1332 761 1408 de
786 1331 987 1408 Rotenelte
1013 1349 1052 1408 et
1075 1354 1165 1406 meo
1190 1329 1370 1408 roborari.
1425 1333 1479 1413 Η.
1500 1361 1530 1410 r.
1548 1347 1575 1410 t.
1596 1347 1709 1410 sunt:

696 1426 859 1528 positus,
893 1427 1119 1504 Chunradus
1141 1427 1325 1520 decanus,
1346 1425 1564 1507 .Semannus
1586 1431 1709 1508 arohi-

201 1526 296 1602 diae.
323 1521 528 1600 Heinrious
554 1525 602 1600 da
624 1449 895 1616 biterrenses,
919 1525 1148 1602 Berhtoldos
1172 1525 1221 1618 de
1245 1522 1476 1619 Obemdors,
1504 1527 1710 1604 Gozvvinus

200 1623 305 1698 a'ud
328 1633 495 1721 portam,
529 1621 678 1698 Uiscus
712 1622 761 1697 de
784 1619 1006 1715 Dorabero,
1037 1622 1150 1720 Magr
1178 1621 1372 1698 lohannes
1406 1620 1562 1717 Custos,
1598 1625 1710 1722 Maga

67 1763 71 1768 ·
240 1717 409 1807 otiridas,
434 1716 616 1792 Albertus
638 1717 687 1792 de
711 1742 776 1794 sco
797 1717 970 1811 Kastolo,
995 1710 1371 1816 MagrEberhardoe,
1397 1718 1497 1793 Otto
1520 1721 1570 1798 de
1596 1720 1710 1796 Utte·

199 1816 316 1915 linge.
363 1811 517 1888 Latet:
542 1813 703 1888 Karalus
728 1815 778 1890 de
791 1814 1076 1910 Egelolisheim,
1101 1812 1304 1892 Heinrious
1321 1825 1421 1892 inter
1432 1814 1579 1910 latinos,
1604 1812 1711 1891 Liue-

198 1911 394 1990 winus*de
417 1912 581 2008 Capella,
600 1907 803 1986 Heinrious
820 1909 1000 2004 Zannaer,
1014 1910 1225 2008 Friderious
1247 1935 1361 2014 super
1380 1912 1558 2004 danubio,
1584 1913 1710 2006 Rude-

225 2033 312 2086 erus
337 2031 450 2108 super
474 2005 660 2096 danubio,
687 2007 902 2083 Gerbardus
925 2007 1025 2086 inter
1049 2032 1211 2100 rasores,
1242 2007 1299 2082 Ra
1327 2020 1394 2084 oio
1415 2021 1629 2122 prepositus
1653 2009 1710 2086 in·

7 2179 9 2204 ,
199 2037 345 2184 ienorts
368 2102 605 2196 monasterii,
631 2102 836 2181 Heinrious
861 2105 1068 2196 Hailarius,
1094 2103 1258 2181 Ulricus·
1311 2109 1592 2202 emelmgarius,
1624 2105 1711 2183 Per·

51 2213 56 2217 ’
201 2214 338 2297 winus,
363 2203 488 2280 ilario
508 2220 549 2278 et
567 2197 632 2278 alii
657 2204 933 2379 quamvplures.
954 2301 958 2310 Ι
977 2203 1120 2306 ¹rictum
1136 2225 1238 2280 anno
1261 2200 1330 2282 dni
1348 2225 1453 2297 1240.
1476 2200 1602 2282 XVlI.
1625 2201 1709 2284 Kal

202 2295 443 2393 Novembris,
468 2297 682 2375 Indictione
696 2297 758 2375 'xl

199 2463 370 2552 ‚adpendet
389 2459 548 2548 Sigillum
569 2469 713 2547 equestre
728 2461 925 2528 Meinbordi
943 2465 983 2528 de
1001 2463 1173 2542 astensis,
1190 2459 1325 2528 labens
1330 2439 1495 2547 pastorale
1510 2467 1641 2526 soutu'm
1659 2464 1705 2528 od
1775 2462 1779 2472 ’

268 2592 425 2638 normam
440 2568 587 2632 duorum
607 2569 646 2634 de
664 2565 875 2652 Abensparo:
894 2569 1056 2631 friderici
1074 2569 1114 2631 de
1133 2569 1220 2655 Perg
1236 2568 1392 2654 Sigillum
1413 2577 1460 2633 est
1476 2567 1641 2635 auulsum.

434 2936 552 3018 Num.
580 2927 796 3018 (3006111,ἱ
835 2931 939 3034 raso.
969 2933 1012 3014 ro
1039 2935 1129 3013 Oet.
1177 2935 1238 3013 Ex
1260 2934 1455 3036 originali

202 3107 359 3170 Confessio
380 3107 484 3170 Caroli
511 3109 552 3168 de
572 3105 775 3188 Egloi'sheim,
805 3107 889 3186 quod
911 3106 1266 3185 Castrun·1tgloishrim
1291 3123 1361 3167 aum
1380 3102 1573 3182 proprietate
1591 3085 1710 3184 spectet

754 3211 794 3271 ad
815 3213 983 3274 Ecclesiam
1003 3211 1163 3272 Ratisbon·
1630 3247 1632 3255 ,

181 3341 201 3435 ¹.
300 3367 386 3466 Ego
409 3365 570 3441 Karalus
592 3363 640 3446 de
659 3362 931 3462 Egeioiaheim
952 3375 1087 3442 notum
1107 3355 1206 3440 'iacto
1230 3360 1413 3452 universis
1437 3375 1630 3464 presentes
1651 3362 1712 3442 lit·

204 3479 306 3639 itii
324 3461 942 3662 illffffiiffiiiffiaibffi
953 3460 1710 3660 ffiilltdtiitttlillil

11 3622 42 3776 Ι.
202 3660 285 3738 tate
334 3657 421 3735 astri
445 3655 804 3755 Egelolisbeim,
829 3679 868 3735 et
893 3656 1018 3735 eidem
1038 3655 1287 3732 attinentibus
1313 3654 1462 3757 questio
1487 3665 1711 3748 verteretur,

206 3760 255 3836 de
280 3777 466 3834 consensu
498 3776 538 3833 et
560 3756 663 3832 bona
684 3757 883 3832 voluntate
915 3779 999 3832 mea
1031 3753 1085 3830 sio
1111 3765 1167 3828 est
1199 3749 1375 3845 diffinita,
1416 3755 1520 3854 quod
1555 3775 1628 3848 ego
1652 3775 1732 3834 re.

196 3852 388 3952 sofflari,
422 3863 695 3954 proprietatem
721 3853 813 3928 dieti
841 3852 961 3932 Castri
994 3867 1034 3930 et
1060 3850 1305 3926 attinentium
1332 3849 1411 3925 dno
1436 3871 1524 3924 meo
1549 3846 1637 3948 Epo
1669 3859 1710 3925 et

206 3951 337 4028 Ecolie
356 3945 444 4052 jure
462 3951 612 4044 integro
635 3949 817 4026 attineret
839 3971 1013 4050 preterea
1032 3953 1182 4058 tertiam
1203 3959 1350 4048 partem
1371 3943 1523 4022 alterius
1543 3945 1712 4047 proprio·

207 4048 293 4124 tatis
319 4049 368 4126 de
395 4047 682 4142 Egeiollaheim,
715 4071 792 4150 que
816 4069 881 4123 me
910 4045 1140 4122 hereditario
1163 4071 1250 4148 jure
1282 4039 1487 4138 contingit,
1519 4041 1597 4118 dno
1620 4067 1710 4122 rneo
1849 4059 1851 4134 i

197 4147 290 4248 tipo
313 4157 356 4224 et
376 4143 506 4224 Eoolie
526 4167 601 4222 sue
621 4144 767 4230 oontnii
788 4163 830 4226 et
845 4145 998 4240 donavi,
1022 4163 1064 4220 et
1081 4157 1161 4222 tam
1176 4143 1367 4248 prelatum
1384 4137 1571 4236 Castrum,
1596 4161 1710 4244 qaum
1849 4139 1851 4220 i

770 4301 775 4304 .
995 4241 1088 4346 ¹⁸9⁸
