<?xml version="1.0" encoding="UTF-8"?>
<!DOCTYPE html PUBLIC "-//W3C//DTD XHTML 1.0 Transitional//EN"
    "http://www.w3.org/TR/xhtml1/DTD/xhtml1-transitional.dtd">
<html xmlns="http://www.w3.org/1999/xhtml" xml:lang="en" lang="en">
 <head>
  <title>
</title>
<meta http-equiv="Content-Type" content="text/html;charset=utf-8" />
  <meta name='ocr-system' content='tesseract 3.04.00' />
  <meta name='ocr-capabilities' content='ocr_page ocr_carea ocr_par ocr_line ocrx_word'/>
</head>
<body>
  <div class='ocr_page' id='page_1' title='image "./codexchronologi01riedgoog_0579.png"; bbox 0 0 3684 4804; ppageno 0'>
   <div class='ocr_carea' id='block_1_1' title="bbox 803 211 1152 372">
    <p class='ocr_par' dir='ltr' id='par_1_1' title="bbox 803 210 1184 372">
     <span class='ocr_line' id='line_1_1' title="bbox 803 211 1152 372; baseline 0.005 -28"><span class='ocrx_word' id='word_1_1' title='bbox 803 211 1152 372; x_wconf 38' lang='lat' dir='ltr'><strong>obstipa-⁵</strong></span> 
     </span>
    </p>
   </div>
   <div class='ocr_carea' id='block_1_2' title="bbox 199 393 1801 670">
    <p class='ocr_par' dir='ltr' id='par_1_2' title="bbox 199 387 1801 670">
     <span class='ocr_line' id='line_1_2' title="bbox 201 393 1801 572; baseline 0.003 -40"><span class='ocrx_word' id='word_1_2' title='bbox 201 426 347 571; x_wconf 59' lang='lat' dir='ltr'><strong>deliniet,</strong></span> <span class='ocrx_word' id='word_1_3' title='bbox 365 464 407 537; x_wconf 87' lang='lat' dir='ltr'><strong>et</strong></span> <span class='ocrx_word' id='word_1_4' title='bbox 421 393 590 562; x_wconf 82' lang='lat' dir='ltr'><strong>Capinali</strong></span> <span class='ocrx_word' id='word_1_5' title='bbox 612 451 738 544; x_wconf 76' lang='lat' dir='ltr'><strong>nisui</strong></span> <span class='ocrx_word' id='word_1_6' title='bbox 757 449 899 570; x_wconf 68' lang='lat' dir='ltr'><strong>robore</strong></span> <span class='ocrx_word' id='word_1_7' title='bbox 914 453 1191 550; x_wconf 77' lang='lat' dir='ltr'><strong>communiri.</strong></span> <span class='ocrx_word' id='word_1_8' title='bbox 1210 451 1588 572; x_wconf 53' lang='lat' dir='ltr'><strong>natantium»)</strong></span> <span class='ocrx_word' id='word_1_9' title='bbox 1610 439 1725 554; x_wconf 71' lang='lat' dir='ltr'><strong>auo]</strong></span> <span class='ocrx_word' id='word_1_10' title='bbox 1800 480 1801 488; x_wconf 46' lang='lat'>¹</span> 
     </span>
     <span class='ocr_line' id='line_1_3' title="bbox 199 553 1717 670; baseline 0.001 -36"><span class='ocrx_word' id='word_1_11' title='bbox 199 555 348 644; x_wconf 82' lang='lat' dir='ltr'><strong>domrsu</strong></span> <span class='ocrx_word' id='word_1_12' title='bbox 374 567 480 670; x_wconf 49' lang='lat' dir='ltr'><strong>nipe</strong></span> <span class='ocrx_word' id='word_1_13' title='bbox 503 553 697 642; x_wconf 66' lang='lat' dir='ltr'><strong>suanm</strong></span> <span class='ocrx_word' id='word_1_14' title='bbox 719 553 837 636; x_wconf 82' lang='lat' dir='ltr'><strong>Junu.</strong></span> <span class='ocrx_word' id='word_1_15' title='bbox 1172 621 1173 626; x_wconf 17' lang='lat' dir='ltr'><strong>s</strong></span> <span class='ocrx_word' id='word_1_16' title='bbox 1308 619 1312 634; x_wconf 86' lang='lat'><strong>.</strong></span> <span class='ocrx_word' id='word_1_17' title='bbox 1713 562 1717 578; x_wconf 84' lang='lat'>&#39;</span> 
     </span>
    </p>
   </div>
   <div class='ocr_carea' id='block_1_3' title="bbox 654 718 1453 825">
    <p class='ocr_par' dir='ltr' id='par_1_3' title="bbox 654 718 1453 825">
     <span class='ocr_line' id='line_1_4' title="bbox 654 718 1453 825; baseline -0.008 -39"><span class='ocrx_word' id='word_1_18' title='bbox 654 719 733 786; x_wconf 78' lang='lat' dir='ltr'><strong>Duo</strong></span> <span class='ocrx_word' id='word_1_19' title='bbox 755 718 877 808; x_wconf 77' lang='lat' dir='ltr'><strong>digitio</strong></span> <span class='ocrx_word' id='word_1_20' title='bbox 897 721 1031 810; x_wconf 67' lang='lat' dir='ltr'><strong>integro</strong></span> <span class='ocrx_word' id='word_1_21' title='bbox 1050 722 1249 825; x_wconf 70' lang='lat' dir='ltr'><strong>adpendtnt.</strong></span> <span class='ocrx_word' id='word_1_22' title='bbox 1282 814 1285 816; x_wconf 25' lang='lat'><strong><em>‚</em></strong></span> <span class='ocrx_word' id='word_1_23' title='bbox 1322 807 1326 816; x_wconf 28' lang='lat'>¹</span> <span class='ocrx_word' id='word_1_24' title='bbox 1451 754 1453 762; x_wconf 79' lang='lat'><em>=</em></span> 
     </span>
    </p>
   </div>
   <div class='ocr_carea' id='block_1_4' title="bbox 207 955 1558 1132">
    <p class='ocr_par' dir='ltr' id='par_1_4' title="bbox 207 955 1558 1132">
     <span class='ocr_line' id='line_1_5' title="bbox 207 955 1558 1132; baseline 0.001 -31"><span class='ocrx_word' id='word_1_25' title='bbox 207 964 210 974; x_wconf 91' lang='lat'><em>·</em></span> <span class='ocrx_word' id='word_1_26' title='bbox 377 1021 492 1100; x_wconf 90' lang='lat' dir='ltr'><strong>Num.</strong></span> <span class='ocrx_word' id='word_1_27' title='bbox 518 990 786 1106; x_wconf 81' lang='lat' dir='ltr'><strong>DLxxxvu</strong></span> <span class='ocrx_word' id='word_1_28' title='bbox 838 1047 943 1132; x_wconf 82' lang='lat'><strong>¹²79·</strong></span> <span class='ocrx_word' id='word_1_29' title='bbox 966 1051 1002 1131; x_wconf 85' lang='lat'><strong>9.</strong></span> <span class='ocrx_word' id='word_1_30' title='bbox 1011 959 1201 1122; x_wconf 32' lang='lat' dir='ltr'><strong>1Augusti</strong></span> <span class='ocrx_word' id='word_1_31' title='bbox 1226 955 1314 1104; x_wconf 24' lang='lat' dir='ltr'><strong>‘Ex</strong></span> <span class='ocrx_word' id='word_1_32' title='bbox 1331 975 1558 1122; x_wconf 33' lang='lat' dir='ltr'><strong>&#39;originati-</strong></span> 
     </span>
    </p>
   </div>
   <div class='ocr_carea' id='block_1_5' title="bbox 122 1185 1716 1385">
    <p class='ocr_par' dir='ltr' id='par_1_5' title="bbox 122 1185 1716 1385">
     <span class='ocr_line' id='line_1_6' title="bbox 122 1185 1716 1294; baseline 0.001 -38"><span class='ocrx_word' id='word_1_33' title='bbox 122 1271 124 1278; x_wconf 85' lang='lat'>.</span> <span class='ocrx_word' id='word_1_34' title='bbox 196 1190 433 1291; x_wconf 28' lang='lat' dir='ltr'><strong>bonatio&#39;jurit</strong></span> <span class='ocrx_word' id='word_1_35' title='bbox 455 1188 635 1258; x_wconf 80' lang='lat' dir='ltr'><strong>Patronntu&#39;s</strong></span> <span class='ocrx_word' id='word_1_36' title='bbox 657 1197 811 1294; x_wconf 71' lang='lat' dir='ltr'><strong>Ecclesiae</strong></span> <span class='ocrx_word' id='word_1_37' title='bbox 840 1197 875 1259; x_wconf 87' lang='lat' dir='ltr'><strong>in</strong></span> <span class='ocrx_word' id='word_1_38' title='bbox 897 1197 1058 1259; x_wconf 82' lang='lat' dir='ltr'><strong>Gaulolen</strong></span> <span class='ocrx_word' id='word_1_39' title='bbox 1086 1197 1166 1259; x_wconf 83' lang='lat' dir='ltr'><strong>facta</strong></span> <span class='ocrx_word' id='word_1_40' title='bbox 1186 1195 1300 1260; x_wconf 87' lang='lat' dir='ltr'><strong>Ordini</strong></span> <span class='ocrx_word' id='word_1_41' title='bbox 1318 1185 1562 1268; x_wconf 66' lang='lat' dir='ltr'><strong>&#39;teutonicorum</strong></span> <span class='ocrx_word' id='word_1_42' title='bbox 1582 1197 1716 1263; x_wconf 75' lang='lat' dir='ltr'><strong>anasum</strong></span> 
     </span>
     <span class='ocr_line' id='line_1_7' title="bbox 264 1289 1626 1385; baseline 0.001 -19"><span class='ocrx_word' id='word_1_43' title='bbox 264 1297 267 1304; x_wconf 70' lang='grc'><em>’</em></span> <span class='ocrx_word' id='word_1_44' title='bbox 576 1304 829 1382; x_wconf 71' lang='lat' dir='ltr'><strong>compensatione</strong></span> <span class='ocrx_word' id='word_1_45' title='bbox 850 1305 915 1382; x_wconf 81' lang='lat' dir='ltr'><strong>Epo</strong></span> <span class='ocrx_word' id='word_1_46' title='bbox 935 1299 1158 1366; x_wconf 78' lang='lat' dir='ltr'><strong>&#39;Ratishonensi</strong></span> <span class='ocrx_word' id='word_1_47' title='bbox 1176 1301 1347 1385; x_wconf 65' lang='lat' dir='ltr'><strong>praestitit·⁵</strong></span> <span class='ocrx_word' id='word_1_48' title='bbox 1482 1315 1519 1328; x_wconf 82' lang='lat'><strong>&#39;·</strong></span> <span class='ocrx_word' id='word_1_49' title='bbox 1616 1289 1626 1302; x_wconf 65' lang='grc'>’</span> 
     </span>
    </p>
   </div>
   <div class='ocr_carea' id='block_1_6' title="bbox 69 1442 1820 4289">
    <p class='ocr_par' dir='ltr' id='par_1_6' title="bbox 69 1442 1820 4289">
     <span class='ocr_line' id='line_1_8' title="bbox 295 1442 1719 1546; baseline 0.001 -26"><span class='ocrx_word' id='word_1_50' title='bbox 295 1445 376 1520; x_wconf 86' lang='lat' dir='ltr'><strong>Nos</strong></span> <span class='ocrx_word' id='word_1_51' title='bbox 404 1446 668 1524; x_wconf 87' lang='lat' dir='ltr'><strong>Wernlmrdus</strong></span> <span class='ocrx_word' id='word_1_52' title='bbox 695 1446 759 1524; x_wconf 91' lang='lat' dir='ltr'><strong>dei</strong></span> <span class='ocrx_word' id='word_1_53' title='bbox 789 1471 855 1545; x_wconf 84' lang='lat' dir='ltr'><strong>gra</strong></span> <span class='ocrx_word' id='word_1_54' title='bbox 892 1445 1034 1524; x_wconf 87' lang='lat' dir='ltr'><strong>Comes</strong></span> <span class='ocrx_word' id='word_1_55' title='bbox 1066 1445 1116 1525; x_wconf 87' lang='lat' dir='ltr'><strong>de</strong></span> <span class='ocrx_word' id='word_1_56' title='bbox 1146 1442 1375 1524; x_wconf 85' lang='lat' dir='ltr'><strong>Leoubereb</strong></span> <span class='ocrx_word' id='word_1_57' title='bbox 1412 1442 1595 1522; x_wconf 78' lang='lat' dir='ltr'><strong>uniuersis</strong></span> <span class='ocrx_word' id='word_1_58' title='bbox 1626 1463 1719 1546; x_wconf 71' lang='lat' dir='ltr'><strong>pre·¹</strong></span> 
     </span>
     <span class='ocr_line' id='line_1_9' title="bbox 196 1543 1716 1644; baseline -0.007 -18"><span class='ocrx_word' id='word_1_59' title='bbox 196 1564 345 1626; x_wconf 73' lang='lat' dir='ltr'><strong>sentem</strong></span> <span class='ocrx_word' id='word_1_60' title='bbox 365 1545 544 1642; x_wconf 80' lang='lat' dir='ltr'><strong>paginam</strong></span> <span class='ocrx_word' id='word_1_61' title='bbox 568 1555 790 1644; x_wconf 80' lang='lat' dir='ltr'><strong>inspecturis</strong></span> <span class='ocrx_word' id='word_1_62' title='bbox 814 1555 986 1644; x_wconf 82' lang='lat' dir='ltr'><strong>cupimus</strong></span> <span class='ocrx_word' id='word_1_63' title='bbox 1013 1567 1093 1620; x_wconf 85' lang='lat' dir='ltr'><strong>esse</strong></span> <span class='ocrx_word' id='word_1_64' title='bbox 1117 1563 1270 1633; x_wconf 85' lang='lat' dir='ltr'><strong>norum,</strong></span> <span class='ocrx_word' id='word_1_65' title='bbox 1303 1543 1515 1642; x_wconf 88' lang='lat' dir='ltr'><strong>quodcum</strong></span> <span class='ocrx_word' id='word_1_66' title='bbox 1543 1547 1716 1618; x_wconf 85' lang='lat' dir='ltr'><strong>euntem·</strong></span> 
     </span>
     <span class='ocr_line' id='line_1_10' title="bbox 100 1635 1715 1744; baseline -0.002 -24"><span class='ocrx_word' id='word_1_67' title='bbox 100 1660 110 1670; x_wconf 84' lang='lat'>&#39;</span> <span class='ocrx_word' id='word_1_68' title='bbox 196 1645 368 1744; x_wconf 87' lang='lat' dir='ltr'><strong>platione</strong></span> <span class='ocrx_word' id='word_1_69' title='bbox 386 1643 579 1740; x_wconf 83' lang='lat' dir='ltr'><strong>sepulchri</strong></span> <span class='ocrx_word' id='word_1_70' title='bbox 600 1639 802 1732; x_wconf 83' lang='lat' dir='ltr'><strong>dominici,</strong></span> <span class='ocrx_word' id='word_1_71' title='bbox 836 1639 943 1744; x_wconf 83' lang='lat' dir='ltr'><strong>eujus</strong></span> <span class='ocrx_word' id='word_1_72' title='bbox 968 1644 1115 1718; x_wconf 88' lang='lat' dir='ltr'><strong>cultum</strong></span> <span class='ocrx_word' id='word_1_73' title='bbox 1141 1655 1181 1716; x_wconf 86' lang='lat' dir='ltr'><strong>et</strong></span> <span class='ocrx_word' id='word_1_74' title='bbox 1209 1641 1397 1715; x_wconf 86' lang='lat' dir='ltr'><strong>honorem</strong></span> <span class='ocrx_word' id='word_1_75' title='bbox 1425 1650 1466 1714; x_wconf 91' lang='lat' dir='ltr'><strong>in</strong></span> <span class='ocrx_word' id='word_1_76' title='bbox 1492 1641 1570 1715; x_wconf 81' lang='lat' dir='ltr'><strong>vita</strong></span> <span class='ocrx_word' id='word_1_77' title='bbox 1599 1635 1715 1738; x_wconf 85' lang='lat' dir='ltr'><strong>positi</strong></span> 
     </span>
     <span class='ocr_line' id='line_1_11' title="bbox 197 1735 1715 1836; baseline -0.005 -21"><span class='ocrx_word' id='word_1_78' title='bbox 197 1739 300 1816; x_wconf 85' lang='lat' dir='ltr'><strong>etin</strong></span> <span class='ocrx_word' id='word_1_79' title='bbox 327 1739 593 1836; x_wconf 77' lang='lat' dir='ltr'><strong>monteplano</strong></span> <span class='ocrx_word' id='word_1_80' title='bbox 624 1751 663 1815; x_wconf 89' lang='lat' dir='ltr'><strong>et</strong></span> <span class='ocrx_word' id='word_1_81' title='bbox 691 1738 854 1814; x_wconf 83' lang='lat' dir='ltr'><strong>ferventi</strong></span> <span class='ocrx_word' id='word_1_82' title='bbox 884 1739 1071 1822; x_wconf 87' lang='lat' dir='ltr'><strong>desiderio</strong></span> <span class='ocrx_word' id='word_1_83' title='bbox 1100 1735 1333 1814; x_wconf 81' lang='lat' dir='ltr'><strong>intendimus</strong></span> <span class='ocrx_word' id='word_1_84' title='bbox 1362 1763 1432 1836; x_wconf 92' lang='lat' dir='ltr'><strong>pro</strong></span> <span class='ocrx_word' id='word_1_85' title='bbox 1458 1735 1549 1812; x_wconf 85' lang='lat' dir='ltr'><strong>totis</strong></span> <span class='ocrx_word' id='word_1_86' title='bbox 1572 1735 1715 1814; x_wconf 78' lang='lat' dir='ltr'><strong>unius</strong></span> 
     </span>
     <span class='ocr_line' id='line_1_12' title="bbox 195 1830 1713 1936; baseline -0.001 -24"><span class='ocrx_word' id='word_1_87' title='bbox 195 1839 391 1936; x_wconf 82' lang='lat' dir='ltr'><strong>ampliare,</strong></span> <span class='ocrx_word' id='word_1_88' title='bbox 419 1834 470 1911; x_wconf 93' lang='lat' dir='ltr'><strong>ob</strong></span> <span class='ocrx_word' id='word_1_89' title='bbox 496 1849 728 1912; x_wconf 78' lang='lat' dir='ltr'><strong>amoremne</strong></span> <span class='ocrx_word' id='word_1_90' title='bbox 752 1837 1007 1913; x_wconf 81' lang='lat' dir='ltr'><strong>reverentiam</strong></span> <span class='ocrx_word' id='word_1_91' title='bbox 1030 1833 1235 1928; x_wconf 72' lang='lat' dir='ltr'><strong>crucifixi,</strong></span> <span class='ocrx_word' id='word_1_92' title='bbox 1265 1830 1373 1934; x_wconf 69' lang='lat' dir='ltr'><strong>cnjus</strong></span> <span class='ocrx_word' id='word_1_93' title='bbox 1397 1831 1713 1934; x_wconf 70' lang='lat' dir='ltr'><strong>propitiationem,</strong></span> 
     </span>
     <span class='ocr_line' id='line_1_13' title="bbox 197 1928 1770 2034; baseline -0.001 -24"><span class='ocrx_word' id='word_1_94' title='bbox 197 1952 236 2029; x_wconf 78' lang='lat' dir='ltr'><strong>et</strong></span> <span class='ocrx_word' id='word_1_95' title='bbox 259 1931 557 2008; x_wconf 87' lang='lat' dir='ltr'><strong>misericordiam</strong></span> <span class='ocrx_word' id='word_1_96' title='bbox 585 1941 625 2007; x_wconf 89' lang='lat' dir='ltr'><strong>in</strong></span> <span class='ocrx_word' id='word_1_97' title='bbox 645 1931 763 2008; x_wconf 82' lang='lat' dir='ltr'><strong>nobis</strong></span> <span class='ocrx_word' id='word_1_98' title='bbox 786 1933 875 2033; x_wconf 87' lang='lat' dir='ltr'><strong>ipsis</strong></span> <span class='ocrx_word' id='word_1_99' title='bbox 895 1946 934 2010; x_wconf 88' lang='lat' dir='ltr'><strong>et</strong></span> <span class='ocrx_word' id='word_1_100' title='bbox 956 1932 1265 2034; x_wconf 78' lang='lat' dir='ltr'><strong>progenitoribus</strong></span> <span class='ocrx_word' id='word_1_101' title='bbox 1292 1957 1338 2010; x_wconf 82' lang='lat' dir='ltr'><strong>ex</strong></span> <span class='ocrx_word' id='word_1_102' title='bbox 1367 1947 1551 2022; x_wconf 78' lang='lat' dir='ltr'><strong>emamus,</strong></span> <span class='ocrx_word' id='word_1_103' title='bbox 1588 1928 1715 2030; x_wconf 66' lang='lat' dir='ltr'><strong>hospi-2</strong></span> <span class='ocrx_word' id='word_1_104' title='bbox 1768 1979 1770 1984; x_wconf 94' lang='lat'>·</span> 
     </span>
     <span class='ocr_line' id='line_1_14' title="bbox 194 1959 1715 2132; baseline 0.001 -26"><span class='ocrx_word' id='word_1_105' title='bbox 194 2028 262 2106; x_wconf 86' lang='lat' dir='ltr'><strong>tali</strong></span> <span class='ocrx_word' id='word_1_106' title='bbox 285 2049 416 2105; x_wconf 83' lang='lat' dir='ltr'><strong>sancte</strong></span> <span class='ocrx_word' id='word_1_107' title='bbox 436 2029 557 2107; x_wconf 82' lang='lat' dir='ltr'><strong>Marte</strong></span> <span class='ocrx_word' id='word_1_108' title='bbox 582 2033 605 2102; x_wconf 88' lang='lat' dir='ltr'><strong>J</strong></span> <span class='ocrx_word' id='word_1_109' title='bbox 608 2029 889 2109; x_wconf 87' lang='lat' dir='ltr'><strong>erosolimitane</strong></span> <span class='ocrx_word' id='word_1_110' title='bbox 914 2029 968 2105; x_wconf 84' lang='lat' dir='ltr'><strong>&#39;us</strong></span> <span class='ocrx_word' id='word_1_111' title='bbox 990 2044 1209 2132; x_wconf 88' lang='lat' dir='ltr'><strong>patronatus</strong></span> <span class='ocrx_word' id='word_1_112' title='bbox 1230 1959 1451 2130; x_wconf 66' lang='lat' dir='ltr'><strong>parocbialis</strong></span> <span class='ocrx_word' id='word_1_113' title='bbox 1473 2027 1647 2106; x_wconf 74' lang='lat' dir='ltr'><strong>Ecclesia</strong></span> <span class='ocrx_word' id='word_1_114' title='bbox 1660 2038 1715 2112; x_wconf 80' lang='lat' dir='ltr'><strong>,in</strong></span> 
     </span>
     <span class='ocr_line' id='line_1_15' title="bbox 197 2058 1769 2227; baseline 0.001 -25"><span class='ocrx_word' id='word_1_115' title='bbox 197 2125 516 2222; x_wconf 81' lang='lat' dir='ltr'><strong>Geunohoien</strong></span> <span class='ocrx_word' id='word_1_116' title='bbox 542 2146 581 2202; x_wconf 89' lang='lat' dir='ltr'><strong>et</strong></span> <span class='ocrx_word' id='word_1_117' title='bbox 603 2153 705 2204; x_wconf 90' lang='lat' dir='ltr'><strong>nove</strong></span> <span class='ocrx_word' id='word_1_118' title='bbox 722 2132 876 2227; x_wconf 88' lang='lat' dir='ltr'><strong>C‘apelle</strong></span> <span class='ocrx_word' id='word_1_119' title='bbox 901 2058 1042 2208; x_wconf 86' lang='lat' dir='ltr'><strong>ibidem</strong></span> <span class='ocrx_word' id='word_1_120' title='bbox 1069 2153 1157 2203; x_wconf 80' lang='lat' dir='ltr'><strong>auus</strong></span> <span class='ocrx_word' id='word_1_121' title='bbox 1186 2121 1362 2210; x_wconf 82' lang='lat' dir='ltr'><strong>omnibus</strong></span> <span class='ocrx_word' id='word_1_122' title='bbox 1380 2137 1462 2200; x_wconf 83' lang='lat' dir='ltr'><strong>suis</strong></span> <span class='ocrx_word' id='word_1_123' title='bbox 1489 2122 1714 2218; x_wconf 81' lang='lat' dir='ltr'><strong>attinentiis,</strong></span> <span class='ocrx_word' id='word_1_124' title='bbox 1765 2155 1769 2166; x_wconf 82' lang='lat'>·</span> 
     </span>
     <span class='ocr_line' id='line_1_16' title="bbox 195 2220 1739 2326; baseline 0.002 -25"><span class='ocrx_word' id='word_1_125' title='bbox 195 2227 303 2301; x_wconf 84' lang='lat' dir='ltr'><strong>cultis</strong></span> <span class='ocrx_word' id='word_1_126' title='bbox 328 2238 367 2304; x_wconf 87' lang='lat' dir='ltr'><strong>et</strong></span> <span class='ocrx_word' id='word_1_127' title='bbox 389 2225 738 2326; x_wconf 85' lang='lat' dir='ltr'><strong>incultis,.quesitis</strong></span> <span class='ocrx_word' id='word_1_128' title='bbox 760 2245 799 2302; x_wconf 88' lang='lat' dir='ltr'><strong>et</strong></span> <span class='ocrx_word' id='word_1_129' title='bbox 823 2225 1075 2324; x_wconf 74' lang='lat' dir='ltr'><strong>inquirendis,</strong></span> <span class='ocrx_word' id='word_1_130' title='bbox 1109 2224 1362 2325; x_wconf 86' lang='lat' dir='ltr'><strong>quantumin</strong></span> <span class='ocrx_word' id='word_1_131' title='bbox 1387 2220 1498 2298; x_wconf 89' lang='lat' dir='ltr'><strong>nobis</strong></span> <span class='ocrx_word' id='word_1_132' title='bbox 1523 2243 1621 2313; x_wconf 76' lang='lat' dir='ltr'><strong>erat,</strong></span> <span class='ocrx_word' id='word_1_133' title='bbox 1663 2223 1739 2304; x_wconf 75' lang='lat' dir='ltr'><strong>de·</strong></span> 
     </span>
     <span class='ocr_line' id='line_1_17' title="bbox 193 2321 1713 2424; baseline 0.001 -26"><span class='ocrx_word' id='word_1_134' title='bbox 193 2325 308 2424; x_wconf 87' lang='lat' dir='ltr'><strong>plena</strong></span> <span class='ocrx_word' id='word_1_135' title='bbox 338 2325 537 2410; x_wconf 80' lang='lat' dir='ltr'><strong>voluntate</strong></span> <span class='ocrx_word' id='word_1_136' title='bbox 567 2347 606 2402; x_wconf 81' lang='lat' dir='ltr'><strong>et</strong></span> <span class='ocrx_word' id='word_1_137' title='bbox 633 2347 818 2401; x_wconf 86' lang='lat' dir='ltr'><strong>consensu</strong></span> <span class='ocrx_word' id='word_1_138' title='bbox 843 2334 1014 2400; x_wconf 88' lang='lat' dir='ltr'><strong>omnium</strong></span> <span class='ocrx_word' id='word_1_139' title='bbox 1040 2325 1224 2402; x_wconf 84' lang='lat' dir='ltr'><strong>heredum</strong></span> <span class='ocrx_word' id='word_1_140' title='bbox 1249 2335 1466 2400; x_wconf 86' lang='lat' dir='ltr'><strong>nostrorum</strong></span> <span class='ocrx_word' id='word_1_141' title='bbox 1496 2321 1713 2398; x_wconf 68' lang='lat' dir='ltr'><strong>intendore.</strong></span> 
     </span>
     <span class='ocr_line' id='line_1_18' title="bbox 193 2413 1711 2530; baseline 0 -36"><span class='ocrx_word' id='word_1_142' title='bbox 193 2445 278 2494; x_wconf 91' lang='lat' dir='ltr'><strong>mus</strong></span> <span class='ocrx_word' id='word_1_143' title='bbox 304 2421 446 2494; x_wconf 87' lang='lat' dir='ltr'><strong>donare</strong></span> <span class='ocrx_word' id='word_1_144' title='bbox 476 2421 682 2498; x_wconf 78' lang='lat' dir='ltr'><strong>liberaliter</strong></span> <span class='ocrx_word' id='word_1_145' title='bbox 702 2443 742 2498; x_wconf 86' lang='lat' dir='ltr'><strong>et</strong></span> <span class='ocrx_word' id='word_1_146' title='bbox 767 2420 950 2511; x_wconf 88' lang='lat' dir='ltr'><strong>conferre,</strong></span> <span class='ocrx_word' id='word_1_147' title='bbox 975 2422 1130 2496; x_wconf 85' lang='lat' dir='ltr'><strong>tandem</strong></span> <span class='ocrx_word' id='word_1_148' title='bbox 1155 2421 1400 2498; x_wconf 84' lang='lat' dir='ltr'><strong>lieverendus</strong></span> <span class='ocrx_word' id='word_1_149' title='bbox 1425 2413 1592 2530; x_wconf 83' lang='lat' dir='ltr'><strong>pateret</strong></span> <span class='ocrx_word' id='word_1_150' title='bbox 1615 2417 1711 2498; x_wconf 81' lang='lat' dir='ltr'><strong>doira</strong></span> 
     </span>
     <span class='ocr_line' id='line_1_19' title="bbox 192 2510 1714 2629; baseline -0.002 -35"><span class='ocrx_word' id='word_1_151' title='bbox 192 2514 400 2596; x_wconf 86' lang='lat' dir='ltr'><strong>Heinrious</strong></span> <span class='ocrx_word' id='word_1_152' title='bbox 427 2517 672 2615; x_wconf 87' lang='lat' dir='ltr'><strong>llatispunen.</strong></span> <span class='ocrx_word' id='word_1_153' title='bbox 700 2517 875 2594; x_wconf 85' lang='lat' dir='ltr'><strong>Ecclesie</strong></span> <span class='ocrx_word' id='word_1_154' title='bbox 901 2518 1005 2629; x_wconf 87' lang='lat' dir='ltr'><strong>Epus</strong></span> <span class='ocrx_word' id='word_1_155' title='bbox 1025 2521 1099 2592; x_wconf 86' lang='lat' dir='ltr'><strong>loci</strong></span> <span class='ocrx_word' id='word_1_156' title='bbox 1128 2517 1382 2608; x_wconf 84' lang='lat' dir='ltr'><strong>Diooesanus,</strong></span> <span class='ocrx_word' id='word_1_157' title='bbox 1413 2541 1494 2597; x_wconf 87' lang='lat' dir='ltr'><strong>srne</strong></span> <span class='ocrx_word' id='word_1_158' title='bbox 1518 2510 1624 2615; x_wconf 78' lang='lat' dir='ltr'><strong>ouius</strong></span> <span class='ocrx_word' id='word_1_159' title='bbox 1647 2541 1714 2592; x_wconf 82' lang='lat' dir='ltr'><strong>ro·</strong></span> 
     </span>
     <span class='ocr_line' id='line_1_20' title="bbox 193 2611 1714 2712; baseline -0.002 -23"><span class='ocrx_word' id='word_1_160' title='bbox 193 2615 341 2690; x_wconf 88' lang='lat' dir='ltr'><strong>luntate</strong></span> <span class='ocrx_word' id='word_1_161' title='bbox 372 2631 410 2688; x_wconf 88' lang='lat' dir='ltr'><strong>et</strong></span> <span class='ocrx_word' id='word_1_162' title='bbox 436 2636 621 2690; x_wconf 80' lang='lat' dir='ltr'><strong>consensu</strong></span> <span class='ocrx_word' id='word_1_163' title='bbox 648 2632 776 2694; x_wconf 76' lang='lat' dir='ltr'><strong>nostre</strong></span> <span class='ocrx_word' id='word_1_164' title='bbox 804 2611 1038 2688; x_wconf 77' lang='lat' dir='ltr'><strong>liberalitatis</strong></span> <span class='ocrx_word' id='word_1_165' title='bbox 1072 2612 1237 2690; x_wconf 84' lang='lat' dir='ltr'><strong>intentio</strong></span> <span class='ocrx_word' id='word_1_166' title='bbox 1266 2613 1475 2712; x_wconf 81' lang='lat' dir='ltr'><strong>procedere</strong></span> <span class='ocrx_word' id='word_1_167' title='bbox 1501 2637 1583 2690; x_wconf 89' lang='lat' dir='ltr'><strong>nou</strong></span> <span class='ocrx_word' id='word_1_168' title='bbox 1615 2615 1714 2693; x_wconf 79' lang='lat' dir='ltr'><strong>vale·</strong></span> 
     </span>
     <span class='ocr_line' id='line_1_21' title="bbox 192 2707 1720 2809; baseline -0.006 -22"><span class='ocrx_word' id='word_1_169' title='bbox 192 2709 278 2802; x_wconf 87' lang='lat' dir='ltr'><strong>bat,</strong></span> <span class='ocrx_word' id='word_1_170' title='bbox 303 2707 501 2786; x_wconf 88' lang='lat' dir='ltr'><strong>donationi</strong></span> <span class='ocrx_word' id='word_1_171' title='bbox 526 2708 634 2784; x_wconf 87' lang='lat' dir='ltr'><strong>brnoi</strong></span> <span class='ocrx_word' id='word_1_172' title='bbox 655 2735 830 2808; x_wconf 27' lang='lat' dir='ltr'><strong>unacum·</strong></span> <span class='ocrx_word' id='word_1_173' title='bbox 845 2732 912 2782; x_wconf 89' lang='lat' dir='ltr'><strong>suo</strong></span> <span class='ocrx_word' id='word_1_174' title='bbox 936 2707 1113 2809; x_wconf 90' lang='lat' dir='ltr'><strong>Capitulo</strong></span> <span class='ocrx_word' id='word_1_175' title='bbox 1138 2709 1387 2801; x_wconf 80' lang='lat' dir='ltr'><strong>contradixit,</strong></span> <span class='ocrx_word' id='word_1_176' title='bbox 1413 2732 1580 2786; x_wconf 84' lang='lat' dir='ltr'><strong>asserens</strong></span> <span class='ocrx_word' id='word_1_177' title='bbox 1604 2712 1720 2789; x_wconf 79' lang='lat' dir='ltr'><strong>etab·</strong></span> 
     </span>
     <span class='ocr_line' id='line_1_22' title="bbox 191 2801 1712 2909; baseline -0.001 -23"><span class='ocrx_word' id='word_1_178' title='bbox 191 2809 339 2906; x_wconf 77' lang='lat' dir='ltr'><strong>legans,</strong></span> <span class='ocrx_word' id='word_1_179' title='bbox 373 2807 479 2906; x_wconf 90' lang='lat' dir='ltr'><strong>quod</strong></span> <span class='ocrx_word' id='word_1_180' title='bbox 497 2801 575 2908; x_wconf 86' lang='lat' dir='ltr'><strong>juri</strong></span> <span class='ocrx_word' id='word_1_181' title='bbox 603 2824 641 2882; x_wconf 85' lang='lat' dir='ltr'><strong>et</strong></span> <span class='ocrx_word' id='word_1_182' title='bbox 667 2806 806 2883; x_wconf 89' lang='lat' dir='ltr'><strong>honori</strong></span> <span class='ocrx_word' id='word_1_183' title='bbox 832 2829 900 2881; x_wconf 89' lang='lat' dir='ltr'><strong>sue</strong></span> <span class='ocrx_word' id='word_1_184' title='bbox 929 2804 1101 2882; x_wconf 80' lang='lat' dir='ltr'><strong>Ecclesia</strong></span> <span class='ocrx_word' id='word_1_185' title='bbox 1128 2803 1380 2909; x_wconf 86' lang='lat' dir='ltr'><strong>prejudiciaiis</strong></span> <span class='ocrx_word' id='word_1_186' title='bbox 1407 2819 1507 2884; x_wconf 86' lang='lat' dir='ltr'><strong>esset</strong></span> <span class='ocrx_word' id='word_1_187' title='bbox 1538 2805 1712 2902; x_wconf 77' lang='lat' dir='ltr'><strong>manino,</strong></span> 
     </span>
     <span class='ocr_line' id='line_1_23' title="bbox 194 2899 1715 3006; baseline 0.001 -24"><span class='ocrx_word' id='word_1_188' title='bbox 194 2905 351 3005; x_wconf 90' lang='lat' dir='ltr'><strong>eoquod</strong></span> <span class='ocrx_word' id='word_1_189' title='bbox 374 2930 444 2981; x_wconf 86' lang='lat' dir='ltr'><strong>nos</strong></span> <span class='ocrx_word' id='word_1_190' title='bbox 471 2900 649 2982; x_wconf 83' lang='lat' dir='ltr'><strong>et&#39;nostri</strong></span> <span class='ocrx_word' id='word_1_191' title='bbox 669 2902 931 3002; x_wconf 78' lang='lat' dir='ltr'><strong>progenitores</strong></span> <span class='ocrx_word' id='word_1_192' title='bbox 954 2899 1013 3006; x_wconf 86' lang='lat' dir='ltr'><strong>jus</strong></span> <span class='ocrx_word' id='word_1_193' title='bbox 1034 2905 1252 3003; x_wconf 77' lang='lat' dir='ltr'><strong>patronatus</strong></span> <span class='ocrx_word' id='word_1_194' title='bbox 1271 2913 1619 3006; x_wconf 84' lang='lat' dir='ltr'><strong>prenominatorum</strong></span> <span class='ocrx_word' id='word_1_195' title='bbox 1640 2907 1715 2984; x_wconf 82' lang='lat' dir='ltr'><strong>Etr·¹</strong></span> 
     </span>
     <span class='ocr_line' id='line_1_24' title="bbox 194 2999 1712 3101; baseline 0.004 -23"><span class='ocrx_word' id='word_1_196' title='bbox 194 3001 394 3080; x_wconf 79' lang='lat' dir='ltr'><strong>etesiarum</strong></span> <span class='ocrx_word' id='word_1_197' title='bbox 423 3028 510 3078; x_wconf 88' lang='lat' dir='ltr'><strong>num</strong></span> <span class='ocrx_word' id='word_1_198' title='bbox 542 2999 718 3077; x_wconf 87' lang='lat' dir='ltr'><strong>omnibus</strong></span> <span class='ocrx_word' id='word_1_199' title='bbox 750 3000 960 3078; x_wconf 85' lang='lat' dir='ltr'><strong>attinentiis</strong></span> <span class='ocrx_word' id='word_1_200' title='bbox 995 3005 1199 3079; x_wconf 87' lang='lat' dir='ltr'><strong>earundem</strong></span> <span class='ocrx_word' id='word_1_201' title='bbox 1232 3006 1281 3080; x_wconf 88' lang='lat' dir='ltr'><strong>de</strong></span> <span class='ocrx_word' id='word_1_202' title='bbox 1311 3001 1507 3101; x_wconf 83' lang='lat' dir='ltr'><strong>Ratispon.</strong></span> <span class='ocrx_word' id='word_1_203' title='bbox 1540 3000 1712 3085; x_wconf 77' lang='lat' dir='ltr'><strong>Ecclesia</strong></span> 
     </span>
     <span class='ocr_line' id='line_1_25' title="bbox 112 3097 1764 3198; baseline -0.003 -22"><span class='ocrx_word' id='word_1_204' title='bbox 112 3171 123 3182; x_wconf 87' lang='grc'><strong>,</strong></span> <span class='ocrx_word' id='word_1_205' title='bbox 194 3118 410 3176; x_wconf 85' lang='lat' dir='ltr'><strong>teneremus</strong></span> <span class='ocrx_word' id='word_1_206' title='bbox 435 3109 475 3174; x_wconf 84' lang='lat' dir='ltr'><strong>in</strong></span> <span class='ocrx_word' id='word_1_207' title='bbox 500 3099 615 3179; x_wconf 88' lang='lat' dir='ltr'><strong>feodo</strong></span> <span class='ocrx_word' id='word_1_208' title='bbox 649 3119 688 3177; x_wconf 88' lang='lat' dir='ltr'><strong>et</strong></span> <span class='ocrx_word' id='word_1_209' title='bbox 712 3099 987 3198; x_wconf 81' lang='lat' dir='ltr'><strong>possideremus</strong></span> <span class='ocrx_word' id='word_1_210' title='bbox 1012 3100 1124 3172; x_wconf 89' lang='lat' dir='ltr'><strong>titulo</strong></span> <span class='ocrx_word' id='word_1_211' title='bbox 1150 3098 1287 3174; x_wconf 82' lang='lat' dir='ltr'><strong>feodali</strong></span> <span class='ocrx_word' id='word_1_212' title='bbox 1295 3151 1306 3190; x_wconf 88' lang='lat'><em>,</em></span> <span class='ocrx_word' id='word_1_213' title='bbox 1337 3108 1433 3172; x_wconf 88' lang='lat' dir='ltr'><strong>siout</strong></span> <span class='ocrx_word' id='word_1_214' title='bbox 1459 3112 1631 3180; x_wconf 85' lang='lat' dir='ltr'><strong>constare</strong></span> <span class='ocrx_word' id='word_1_215' title='bbox 1658 3097 1713 3175; x_wconf 79' lang='lat' dir='ltr'><strong>oi.</strong></span> <span class='ocrx_word' id='word_1_216' title='bbox 1751 3159 1764 3172; x_wconf 73' lang='grc'>.</span> 
     </span>
     <span class='ocr_line' id='line_1_26' title="bbox 193 3193 1711 3294; baseline 0 -22"><span class='ocrx_word' id='word_1_217' title='bbox 193 3194 304 3274; x_wconf 83' lang='lat' dir='ltr'><strong>nebat</strong></span> <span class='ocrx_word' id='word_1_218' title='bbox 325 3193 486 3294; x_wconf 82' lang='lat' dir='ltr'><strong>publicis</strong></span> <span class='ocrx_word' id='word_1_219' title='bbox 503 3205 770 3272; x_wconf 79' lang='lat' dir='ltr'><strong>instrumentis.</strong></span> <span class='ocrx_word' id='word_1_220' title='bbox 821 3195 968 3276; x_wconf 81' lang='lat' dir='ltr'><strong>Verum</strong></span> <span class='ocrx_word' id='word_1_221' title='bbox 990 3219 1041 3270; x_wconf 90' lang='lat' dir='ltr'><strong>ne</strong></span> <span class='ocrx_word' id='word_1_222' title='bbox 1061 3194 1128 3269; x_wconf 90' lang='lat' dir='ltr'><strong>tali</strong></span> <span class='ocrx_word' id='word_1_223' title='bbox 1148 3193 1423 3294; x_wconf 88' lang='lat' dir='ltr'><strong>impedimento</strong></span> <span class='ocrx_word' id='word_1_224' title='bbox 1442 3208 1574 3272; x_wconf 85' lang='lat' dir='ltr'><strong>nostre</strong></span> <span class='ocrx_word' id='word_1_225' title='bbox 1597 3193 1711 3280; x_wconf 73' lang='lat' dir='ltr'><strong>deio-</strong></span> 
     </span>
     <span class='ocr_line' id='line_1_27' title="bbox 69 3288 1710 3406; baseline -0.002 -36"><span class='ocrx_word' id='word_1_226' title='bbox 69 3325 73 3333; x_wconf 92' lang='lat'>·</span> <span class='ocrx_word' id='word_1_227' title='bbox 150 3293 156 3305; x_wconf 78' lang='grc'><strong>“</strong></span> <span class='ocrx_word' id='word_1_228' title='bbox 192 3303 307 3389; x_wconf 86' lang='lat' dir='ltr'><strong>tionis</strong></span> <span class='ocrx_word' id='word_1_229' title='bbox 332 3288 571 3392; x_wconf 85' lang='lat' dir='ltr'><strong>propositum</strong></span> <span class='ocrx_word' id='word_1_230' title='bbox 594 3292 837 3388; x_wconf 81' lang='lat' dir='ltr'><strong>contingeret</strong></span> <span class='ocrx_word' id='word_1_231' title='bbox 864 3290 1054 3384; x_wconf 83' lang='lat' dir='ltr'><strong>retardari,</strong></span> <span class='ocrx_word' id='word_1_232' title='bbox 1080 3305 1120 3368; x_wconf 90' lang='lat' dir='ltr'><strong>et</strong></span> <span class='ocrx_word' id='word_1_233' title='bbox 1145 3315 1204 3368; x_wconf 86' lang='lat' dir='ltr'><strong>ne·</strong></span> <span class='ocrx_word' id='word_1_234' title='bbox 1223 3311 1300 3366; x_wconf 88' lang='lat' dir='ltr'><strong>tam</strong></span> <span class='ocrx_word' id='word_1_235' title='bbox 1318 3290 1531 3369; x_wconf 80' lang='lat' dir='ltr'><strong>favorabilis</strong></span> <span class='ocrx_word' id='word_1_236' title='bbox 1555 3303 1710 3406; x_wconf 54' lang='lat' dir='ltr'><strong>promis,</strong></span> 
     </span>
     <span class='ocr_line' id='line_1_28' title="bbox 191 3388 1712 3489; baseline 0.001 -27"><span class='ocrx_word' id='word_1_237' title='bbox 191 3389 312 3468; x_wconf 86' lang='lat' dir='ltr'><strong>sioin</strong></span> <span class='ocrx_word' id='word_1_238' title='bbox 331 3401 499 3463; x_wconf 89' lang='lat' dir='ltr'><strong>nostram</strong></span> <span class='ocrx_word' id='word_1_239' title='bbox 520 3395 790 3462; x_wconf 84' lang='lat' dir='ltr'><strong>conscientiam</strong></span> <span class='ocrx_word' id='word_1_240' title='bbox 812 3388 985 3479; x_wconf 89' lang='lat' dir='ltr'><strong>resiliret,</strong></span> <span class='ocrx_word' id='word_1_241' title='bbox 1009 3415 1080 3465; x_wconf 87' lang='lat' dir='ltr'><strong>nos</strong></span> <span class='ocrx_word' id='word_1_242' title='bbox 1102 3388 1234 3464; x_wconf 89' lang='lat' dir='ltr'><strong>habito</strong></span> <span class='ocrx_word' id='word_1_243' title='bbox 1258 3389 1479 3489; x_wconf 79' lang='lat' dir='ltr'><strong>specialium</strong></span> <span class='ocrx_word' id='word_1_244' title='bbox 1499 3399 1712 3472; x_wconf 76' lang='lat' dir='ltr'><strong>amicorum</strong></span> 
     </span>
     <span class='ocr_line' id='line_1_29' title="bbox 186 3484 1709 3589; baseline -0.001 -23"><span class='ocrx_word' id='word_1_245' title='bbox 186 3507 410 3566; x_wconf 80' lang='lat' dir='ltr'><strong>nostrorum</strong></span> <span class='ocrx_word' id='word_1_246' title='bbox 438 3486 615 3576; x_wconf 87' lang='lat' dir='ltr'><strong>consilio,</strong></span> <span class='ocrx_word' id='word_1_247' title='bbox 653 3484 867 3582; x_wconf 87' lang='lat' dir='ltr'><strong>supradicto</strong></span> <span class='ocrx_word' id='word_1_248' title='bbox 894 3495 990 3586; x_wconf 89' lang='lat' dir='ltr'><strong>patri</strong></span> <span class='ocrx_word' id='word_1_249' title='bbox 1018 3513 1064 3562; x_wconf 84' lang='lat' dir='ltr'><strong>ao</strong></span> <span class='ocrx_word' id='word_1_250' title='bbox 1089 3486 1168 3562; x_wconf 90' lang='lat' dir='ltr'><strong>dno</strong></span> <span class='ocrx_word' id='word_1_251' title='bbox 1200 3487 1466 3587; x_wconf 85' lang='lat' dir='ltr'><strong>Ratisponensi</strong></span> <span class='ocrx_word' id='word_1_252' title='bbox 1483 3487 1568 3588; x_wconf 89' lang='lat' dir='ltr'><strong>Epo</strong></span> <span class='ocrx_word' id='word_1_253' title='bbox 1592 3505 1709 3589; x_wconf 88' lang='lat' dir='ltr'><strong>atque</strong></span> 
     </span>
     <span class='ocr_line' id='line_1_30' title="bbox 190 3581 1820 3686; baseline 0 -26"><span class='ocrx_word' id='word_1_254' title='bbox 190 3609 262 3664; x_wconf 86' lang='lat' dir='ltr'><strong>suo</strong></span> <span class='ocrx_word' id='word_1_255' title='bbox 285 3581 465 3686; x_wconf 88' lang='lat' dir='ltr'><strong>Capitulo</strong></span> <span class='ocrx_word' id='word_1_256' title='bbox 493 3582 890 3682; x_wconf 80' lang='lat' dir='ltr'><strong>recompensationem</strong></span> <span class='ocrx_word' id='word_1_257' title='bbox 913 3583 964 3660; x_wconf 88' lang='lat' dir='ltr'><strong>de</strong></span> <span class='ocrx_word' id='word_1_258' title='bbox 990 3593 1149 3686; x_wconf 85' lang='lat' dir='ltr'><strong>propriis</strong></span> <span class='ocrx_word' id='word_1_259' title='bbox 1174 3583 1470 3682; x_wconf 80' lang='lat' dir='ltr'><strong>possessionibus</strong></span> <span class='ocrx_word' id='word_1_260' title='bbox 1498 3586 1634 3672; x_wconf 85' lang='lat' dir='ltr'><strong>nostris</strong></span> <span class='ocrx_word' id='word_1_261' title='bbox 1669 3597 1710 3662; x_wconf 86' lang='lat' dir='ltr'><strong>et</strong></span> <span class='ocrx_word' id='word_1_262' title='bbox 1813 3636 1820 3660; x_wconf 82' lang='lat'><strong>·.</strong></span> 
     </span>
     <span class='ocr_line' id='line_1_31' title="bbox 188 3677 1709 3784; baseline 0.001 -28"><span class='ocrx_word' id='word_1_263' title='bbox 188 3677 339 3784; x_wconf 84' lang='lat' dir='ltr'><strong>juribus</strong></span> <span class='ocrx_word' id='word_1_264' title='bbox 367 3681 559 3781; x_wconf 88' lang='lat' dir='ltr'><strong>usquead</strong></span> <span class='ocrx_word' id='word_1_265' title='bbox 584 3677 867 3758; x_wconf 83' lang='lat' dir='ltr'><strong>estimationem</strong></span> <span class='ocrx_word' id='word_1_266' title='bbox 899 3707 1107 3778; x_wconf 77' lang='lat' dir='ltr'><strong>congruam</strong></span> <span class='ocrx_word' id='word_1_267' title='bbox 1130 3681 1307 3768; x_wconf 80' lang='lat' dir='ltr'><strong>duximus</strong></span> <span class='ocrx_word' id='word_1_268' title='bbox 1330 3679 1560 3782; x_wconf 80' lang='lat' dir='ltr'><strong>faciendam,</strong></span> <span class='ocrx_word' id='word_1_269' title='bbox 1598 3681 1709 3779; x_wconf 71' lang='lat' dir='ltr'><strong>anig-</strong></span> 
     </span>
     <span class='ocr_line' id='line_1_32' title="bbox 190 3775 1711 3878; baseline 0 -22"><span class='ocrx_word' id='word_1_270' title='bbox 190 3790 326 3856; x_wconf 85' lang='lat' dir='ltr'><strong>nantes</strong></span> <span class='ocrx_word' id='word_1_271' title='bbox 350 3778 587 3876; x_wconf 83' lang='lat' dir='ltr'><strong>presentibus</strong></span> <span class='ocrx_word' id='word_1_272' title='bbox 616 3775 750 3852; x_wconf 89' lang='lat' dir='ltr'><strong>litteris</strong></span> <span class='ocrx_word' id='word_1_273' title='bbox 775 3777 906 3855; x_wconf 88' lang='lat' dir='ltr'><strong>sibiet</strong></span> <span class='ocrx_word' id='word_1_274' title='bbox 932 3776 1105 3855; x_wconf 84' lang='lat' dir='ltr'><strong>Ecclesie</strong></span> <span class='ocrx_word' id='word_1_275' title='bbox 1133 3777 1419 3878; x_wconf 80' lang='lat' dir='ltr'><strong>Ratisp&#39;onensi,</strong></span> <span class='ocrx_word' id='word_1_276' title='bbox 1452 3799 1492 3856; x_wconf 90' lang='lat' dir='ltr'><strong>et</strong></span> <span class='ocrx_word' id='word_1_277' title='bbox 1518 3777 1568 3854; x_wconf 86' lang='lat' dir='ltr'><strong>ad</strong></span> <span class='ocrx_word' id='word_1_278' title='bbox 1590 3781 1711 3858; x_wconf 84' lang='lat' dir='ltr'><strong>altare</strong></span> 
     </span>
     <span class='ocr_line' id='line_1_33' title="bbox 190 3869 1719 3980; baseline 0.001 -26"><span class='ocrx_word' id='word_1_279' title='bbox 190 3874 297 3954; x_wconf 88' lang='lat' dir='ltr'><strong>beati</strong></span> <span class='ocrx_word' id='word_1_280' title='bbox 320 3873 423 3950; x_wconf 86' lang='lat' dir='ltr'><strong>Petri</strong></span> <span class='ocrx_word' id='word_1_281' title='bbox 448 3874 633 3950; x_wconf 88' lang='lat' dir='ltr'><strong>donantes</strong></span> <span class='ocrx_word' id='word_1_282' title='bbox 657 3881 828 3958; x_wconf 86' lang='lat' dir='ltr'><strong>universa</strong></span> <span class='ocrx_word' id='word_1_283' title='bbox 852 3893 890 3951; x_wconf 90' lang='lat' dir='ltr'><strong>et</strong></span> <span class='ocrx_word' id='word_1_284' title='bbox 910 3878 1052 3970; x_wconf 76' lang='lat' dir='ltr'><strong>singula</strong></span> <span class='ocrx_word' id='word_1_285' title='bbox 1076 3869 1160 3980; x_wconf 85' lang='lat' dir='ltr'><strong>jura</strong></span> <span class='ocrx_word' id='word_1_286' title='bbox 1187 3890 1226 3954; x_wconf 90' lang='lat' dir='ltr'><strong>et</strong></span> <span class='ocrx_word' id='word_1_287' title='bbox 1254 3886 1501 3974; x_wconf 84' lang='lat' dir='ltr'><strong>possessiones</strong></span> <span class='ocrx_word' id='word_1_288' title='bbox 1525 3877 1647 3957; x_wconf 87' lang='lat' dir='ltr'><strong>iibere</strong></span> <span class='ocrx_word' id='word_1_289' title='bbox 1668 3897 1719 3956; x_wconf 86' lang='lat' dir='ltr'><strong>et·</strong></span> 
     </span>
     <span class='ocr_line' id='line_1_34' title="bbox 99 3965 1801 4074; baseline 0.001 -26"><span class='ocrx_word' id='word_1_290' title='bbox 99 4053 104 4066; x_wconf 61' lang='grc'><strong>,</strong></span> <span class='ocrx_word' id='word_1_291' title='bbox 191 3982 350 4074; x_wconf 84' lang='lat' dir='ltr'><strong>precise,</strong></span> <span class='ocrx_word' id='word_1_292' title='bbox 382 3993 457 4070; x_wconf 88' lang='lat' dir='ltr'><strong>que</strong></span> <span class='ocrx_word' id='word_1_293' title='bbox 482 3971 635 4047; x_wconf 82' lang='lat' dir='ltr'><strong>insenius</strong></span> <span class='ocrx_word' id='word_1_294' title='bbox 663 3969 932 4070; x_wconf 80' lang='lat' dir='ltr'><strong>perordinem</strong></span> <span class='ocrx_word' id='word_1_295' title='bbox 967 3965 1036 4045; x_wconf 90' lang='lat' dir='ltr'><strong>sub</strong></span> <span class='ocrx_word' id='word_1_296' title='bbox 1060 3972 1224 4072; x_wconf 88' lang='lat' dir='ltr'><strong>propriis</strong></span> <span class='ocrx_word' id='word_1_297' title='bbox 1252 3974 1620 4056; x_wconf 82' lang='lat' dir='ltr'><strong>denominationibus</strong></span> <span class='ocrx_word' id='word_1_298' title='bbox 1644 3977 1711 4054; x_wconf 87' lang='lat' dir='ltr'><strong>de&#39;·</strong></span> <span class='ocrx_word' id='word_1_299' title='bbox 1749 4007 1754 4013; x_wconf 93' lang='lat'>·</span> <span class='ocrx_word' id='word_1_300' title='bbox 1794 4047 1801 4058; x_wconf 84' lang='grc'>,</span> 
     </span>
     <span class='ocr_line' id='line_1_35' title="bbox 192 4067 1708 4173; baseline 0.003 -29"><span class='ocrx_word' id='word_1_301' title='bbox 192 4069 399 4165; x_wconf 81' lang='lat' dir='ltr'><strong>signantur,</strong></span> <span class='ocrx_word' id='word_1_302' title='bbox 425 4091 516 4166; x_wconf 86' lang='lat' dir='ltr'><strong>quas</strong></span> <span class='ocrx_word' id='word_1_303' title='bbox 539 4095 610 4144; x_wconf 85' lang='lat' dir='ltr'><strong>nos</strong></span> <span class='ocrx_word' id='word_1_304' title='bbox 634 4087 671 4145; x_wconf 88' lang='lat' dir='ltr'><strong>et</strong></span> <span class='ocrx_word' id='word_1_305' title='bbox 696 4067 960 4168; x_wconf 83' lang='lat' dir='ltr'><strong>progenitores</strong></span> <span class='ocrx_word' id='word_1_306' title='bbox 988 4079 1106 4144; x_wconf 88' lang='lat' dir='ltr'><strong>nostri</strong></span> <span class='ocrx_word' id='word_1_307' title='bbox 1128 4081 1364 4168; x_wconf 81' lang='lat' dir='ltr'><strong>proprietatis</strong></span> <span class='ocrx_word' id='word_1_308' title='bbox 1388 4070 1500 4150; x_wconf 88' lang='lat' dir='ltr'><strong>titulo</strong></span> <span class='ocrx_word' id='word_1_309' title='bbox 1520 4071 1708 4173; x_wconf 87' lang='lat' dir='ltr'><strong>usquead</strong></span> 
     </span>
     <span class='ocr_line' id='line_1_36' title="bbox 192 4161 1707 4289; baseline 0.005 -48"><span class='ocrx_word' id='word_1_310' title='bbox 192 4167 272 4242; x_wconf 86' lang='lat' dir='ltr'><strong>beo·</strong></span> <span class='ocrx_word' id='word_1_311' title='bbox 287 4177 461 4267; x_wconf 86' lang='lat' dir='ltr'><strong>tempora</strong></span> <span class='ocrx_word' id='word_1_312' title='bbox 484 4161 721 4266; x_wconf 83' lang='lat' dir='ltr'><strong>possedimus</strong></span> <span class='ocrx_word' id='word_1_313' title='bbox 747 4179 786 4244; x_wconf 88' lang='lat' dir='ltr'><strong>et</strong></span> <span class='ocrx_word' id='word_1_314' title='bbox 806 4176 995 4289; x_wconf 70' lang='lat' dir='ltr'><strong>tenuimus</strong></span> <span class='ocrx_word' id='word_1_315' title='bbox 1016 4162 1175 4268; x_wconf 80' lang='lat' dir='ltr'><strong>pacifice</strong></span> <span class='ocrx_word' id='word_1_316' title='bbox 1198 4179 1237 4246; x_wconf 89' lang='lat' dir='ltr'><strong>et</strong></span> <span class='ocrx_word' id='word_1_317' title='bbox 1263 4164 1412 4284; x_wconf 69' lang='lat' dir='ltr'><strong>qpiete,</strong></span> <span class='ocrx_word' id='word_1_318' title='bbox 1444 4179 1707 4252; x_wconf 75' lang='lat' dir='ltr'><strong>renuntiantes</strong></span> 
     </span>
    </p>
   </div>
   <div class='ocr_carea' id='block_1_7' title="bbox 415 4437 442 4510">
    <p class='ocr_par' dir='ltr' id='par_1_7' title="bbox 415 4437 442 4510">
     <span class='ocr_line' id='line_1_37' title="bbox 415 4437 442 4510; baseline 0 0"><span class='ocrx_word' id='word_1_319' title='bbox 415 4437 442 4510; x_wconf 78' lang='lat' dir='ltr'><strong>t</strong></span> 
     </span>
    </p>
   </div>
   <div class='ocr_carea' id='block_1_8' title="bbox 0 0 1846 4804">
    <p class='ocr_par' dir='ltr' id='par_1_8' title="bbox 0 0 1846 4804">
     <span class='ocr_line' id='line_1_38' title="bbox 0 0 1846 4804; baseline 0 1"><span class='ocrx_word' id='word_1_320' title='bbox 0 0 1846 4804; x_wconf 95' lang='lat' dir='ltr'><strong> </strong></span> 
     </span>
    </p>
   </div>
   <div class='ocr_carea' id='block_1_9' title="bbox 459 4651 558 4710">
    <p class='ocr_par' dir='ltr' id='par_1_9' title="bbox 459 4651 558 4710">
     <span class='ocr_line' id='line_1_39' title="bbox 459 4651 558 4710; baseline 0 -46"><span class='ocrx_word' id='word_1_321' title='bbox 459 4651 558 4710; x_wconf 30' lang='grc' dir='ltr'><strong>ἱ..</strong></span> 
     </span>
    </p>
   </div>
  </div>
 </body>
</html>
