3616 4850
637 321 643 338 ·
755 291 1151 386 &fio-&f
1264 283 1269 298 ’

148 489 270 584 ulus,
292 487 458 570 eirttlbus
476 493 516 573 et
533 481 736 578 radiabas,
760 481 965 564 mobilibus
987 503 1026 562 ct
1044 477 1321 579 immobilibus,
1348 483 1520 564 culttset
1536 481 1657 566 incid·

29 671 37 682 ,
150 601 216 682 tis,
252 603 291 666 et
314 588 486 666 iussimus
495 587 511 681 ,⁶
536 587 627 664 inde
648 585 723 659 hoc
748 598 900 682 nostrae
926 583 1159 658 auctoritatis
1180 580 1264 660 fieri
1285 595 1552 684 praeceptum,
1586 611 1657 685 per

78 752 83 761 .
152 691 258 802 quod
283 685 492 763 sanccimus
518 697 633 784 atquc
658 677 861 774 iubemus,
902 694 947 754 ut
974 681 1069 756 haec
1096 678 1418 755 Commutationia
1453 696 1658 760 auctoritas

75 777 82 790 ’
151 791 260 862 lrrma
285 798 326 860 et
348 784 488 860 stabilis
513 789 707 896 perpetuis
733 789 951 878 perseveret
983 775 1236 876 temporibus,
1269 777 1352 852 sine
1377 779 1533 852 alicuius
1559 806 1657 856 con·

149 873 371 968 tradicentis
391 882 680 981 impedimento.
748 879 799 952 Ut
824 876 888 950 illa
910 875 1124 973 pleniorem
1145 871 1187 949 in
1209 877 1272 951 dei
1297 874 1456 952 nomine
1485 875 1657 955 obtineat

150 975 393 1080 firmitatem,
419 1001 536 1056 manu
564 983 715 1080 proprla
739 971 869 1052 subter
896 993 980 1051 eam
998 969 1247 1068 firmavimus,
1278 976 1504 1074 ¹arraruloque
1524 988 1660 1068 nostro

43 1141 45 1146 .
89 1084 94 1109 ⁸
149 1073 305 1176 sigillari
329 1073 513 1152 iussimus.

355 1243 530 1344 Signum
546 1239 693 1316 domni
708 1235 873 1339 Amolfi
889 1239 1066 1339 piissimi
1084 1237 1218 1340 Regis.
1242 1233 1609 1342 (Monogramr'na.)
1624 1303 1638 1326 .,

249 1408 388 1512 Aspert
406 1409 648 1536 cancellarius
665 1409 714 1486 ad
734 1417 859 1544 picem
877 1403 1184 1508 Arcidcapellani
1207 1403 1426 1502 recognovi.

228 1631 231 1639 ,
249 1576 351 1652 Data
369 1575 435 1655 Vl.
459 1557 655 1654 Februarii
676 1598 779 1650 anno
801 1569 1016 1650 dominicae
1037 1569 1303 1650 incarnationis
1321 1565 1403 1672 887.
1440 1553 1678 1662 Indictione,

152 1671 216 1753 Vl.
247 1673 395 1751 ¹Actum
415 1675 455 1750 in
477 1675 573 1750 urbe
589 1675 734 1770 llegtna
747 1681 788 1750 ln
806 1669 871 1748 dei
889 1671 1047 1750 nomine
1068 1671 1230 1772 feliciter
1245 1695 1369 1768 amen,
1382 1676 1525 1766 maol.
1549 1674 1660 1778 regni

150 1771 299 1853 *domini
323 1769 475 1856 Arnolfi
499 1771 657 1880 piissimi
681 1769 815 1869 Regis,
997 1839 1000 1846 ,
1032 1827 1036 1838 .

411 2111 414 2121 ·
509 2047 549 2166 .’
684 2089 801 2169 num.
818 2089 998 2190 varu
1046 2088 1131 2168 888.

123 2257 127 2268 ’
152 2258 326 2346 Ἁφιῖὠο
341 2232 439 2342 Ἐρω,
463 2259 592 2346 eiusque
611 2262 755 2326 advocati
774 2233 955 2328 Herraudus
976 2272 1009 2324 et
1027 2263 1249 2326 Gundobertus
1270 2253 1487 2328 concambient
1506 2262 1545 2325 de
1566 2265 1662 2328 881888

186 2403 189 2408 -
227 2396 229 2404 ’
260 2369 359 2432 sancti
380 2369 463 2434 Petri
483 2377 515 2447 88
533 2361 632 2432 sinoti
651 2373 841 2450 Emmerami
861 2390 931 2432 eum
953 2370 1091 2432 owardo
1113 2372 1295 2451 Presbytero
1315 2387 1420 2435 coram
1440 2372 1554 2436 comite
1603 2461 1606 2468 1
1735 2441 1739 2448 ,

152 2477 153 2482 ’
806 2475 1010 2556 Engildeone·
1219 2471 1221 2484 ’
1483 2479 1488 2489 ’
1649 2473 1658 2484 “

527 2567 531 2576 ·
572 2617 577 2626 ’
623 2668 628 2684 ,
767 2615 831 2680 Pez
869 2617 892 2679 1.
925 2638 951 2680 8.
984 2619 1053 2694 869.

17 2719 21 2726 ’
61 2725 66 2732 ’
145 2783 152 2798 .
253 2728 509 2808 Plurimorum
535 2727 655 2828 igitur
691 2721 874 2809 industria
913 2729 1135 2832 comperiat,
1181 2731 1346 2836 qualiter
1386 2753 1473 2812 sen.
1508 2729 1663 2835 quidam

140 2831 356 2934 ‘presbyter
371 2829 530 2906 nomine
551 2829 755 2905 Ouuardus
777 2831 1118 2906 commutationem
1139 2857 1347 2928 congruam
1367 2843 1515 2932 peregit
1522 2859 1532 2924 ;
1558 2851 1664 2933 prae·

145 2927 281 3005 dietus
292 2939 465 3026 ,namque
480 2926 678 3030 presbyter
693 2929 847 3003 tradidit
867 2930 917 3001 ad
935 2941 1106 3002 sanctum
1123 2927 1279 3005 Petrum
1300 2943 1551 3028 sanctumque
1569 2947 1667 3005 mat.-

156 3022 281 3128 tyrem
296 3025 590 3100 'Emmeramum
617 3029 732 3101 talem
757 3025 1042 3126 proprietatemt
1067 3018 1218 3126 qualem
1238 3029 1288 3100 ad
1305 3026 1541 3127 S'tupinga
1563 3025 1666 3103 visua
1782 3051 1795 3062 ·

156 3245 245 3317 gera
271 3221 355 3294 XX.
383 3219 516 3294 Cosam
542 3244 631 3296 cum
652 3242 771 3314 curte,
789 3222 970 3297 horreum
997 3245 1154 3320 quoque
1174 3235 1290 3322 atque
1312 3221 1540 3322 pomerium,
1564 3249 1605 3296 nr
1707 3312 1712 3320 ι

131 3386 136 3410 ,
157 3332 266 3394 extra
286 3317 491 3408 dimittens,
521 3343 608 3393 cum
634 3329 754 3408 terris,
780 3319 904 3418 pratis,
928 3317 1086 3418 pascuis,
1112 3329 1228 3432 aqrris,
1252 3328 1512 3434 aquarumque
1532 3320 1667 3395 decur-

156 3123 388 3215 esthabere,
419 3121 459 3198 id
484 3120 607 3197 estin
633 3133 732 3198 terra
757 3121 906 3200 amabili
935 3136 975 3199 et
996 3123 1088 3199 silva
1111 3135 1150 3198 et
1172 3137 1281 3224 prato
1303 3125 1421 3200 hobas
1447 3127 1515 3198 lll.
1542 3137 1582 3200 et
1604 3144 1679 3297 pipi

25 3465 28 3478 ·
155 3415 271 3504 sibus,
298 3413 461 3489 exitibus
484 3427 522 3489 et
544 3415 739 3504 reditibus,
758 3441 856 3514 quae
875 3441 923 3492 ex
943 3413 1094 3512 integro
1114 3419 1205 3490 illue
1229 3419 1429 3494 transfudit
1448 3445 1489 3493 rn
1509 3441 1667 3492 manum

13 3569 15 3574 -
148 3511 337 3589 uidelicet
371 3511 825 3590 Ambrichonis'ven.
859 3513 893 3586 E

920 3512 945 3602 i,
978 3515 1324 3616 advocatorumque
1366 3512 1446 3590 e'us
1478 3510 1668 3598 Herrandi

79 3649 84 3656 ·
157 3623 276 3708 atque
292 3608 543 3686 Gundoberti.
592 3610 761 3686 Econtra
787 3633 880 3686 vero
895 3541 1118 3686 ilemendus
1141 3631 1254 3712 atque
1281 3541 1552 3688 Gundobertus
1578 3635 1669 3688 con·

158 3709 348 3783 sentiente
370 3707 526 3784 domino
543 3735 614 3784 suo
627 3707 713 3806 Epo
728 3707 964 3784 tradiderunt
980 3706 1028 3785 de
1045 3707 1157 3785 rebus
1174 3707 1293 3783 sancti
1310 3705 1550 3787 Emmerami·
1561 3732 1669 3809 prae·
1711 3715 1723 3728 ‘

102 3825 110 3834 ·
154 3807 265 3880 dicto
288 3807 468 3880 Ouuardo
488 3806 540 3881 sin
563 3805 758 3906 proprium
783 3806 1056 3906 perpetualiter
1080 3806 1300 3880 habendum
1324 3806 1372 3880 ad
1395 3807 1457 3881 Ta
1464 3807 1669 3903 paratin-

72 3935 78 3943 ·
158 3929 213 3999 ga
238 3904 458 3990 Ecclesiam,
493 3929 612 3978 casam
642 3931 729 3977 cum
756 3919 875 3994 curte,
908 3905 1088 3998 horreum
1114 3897 1410 4004 quoque'atque
1439 3906 1668 4003 pomerium,
1772 3911 1775 3918 ’

159 4001 279 4078 hobas
304 4016 378 4078 tres
404 4029 489 4076 curn
512 3999 688 4078 omnibus
711 4001 940 4100 appenditiis
966 4027 1108 4074 earum.
1165 4001 1216 4074 Et
1243 3999 1303 4075 isti
1326 4017 1412 4077 sunt
1435 4016 1566 4079 testes:
1595 4001 1672 4074 Ha·

1 4099 2 4144 i
67 4103 79 4122 “
160 4099 489 4197 damar,.Plidger,
513 4101 719 4198 Leoparto,
743 4097 927 4188 [nuttrid‚
955 4094 1164 4188 Chreltine,
1185 4097 1370 4188 waltrih,
1391 4099 1537 4189 Albrih,
1556 4099 1672 4176 Perh-

158 4203 246 4294 tolt,
284 4197 499 4301 schilpunc,
538 4195 699 4289 Durine,
739 4198 946 4300 isanperht,
980 4193 1228 4300 Reginperht,
1264 4197 1476 4292 Ruodbart,
1512 4197 1670 4293 Helm,
