3662 4848
708 346 783 438 ,w
835 283 1023 452 ¹⁹²?

114 543 116 559 ·
145 521 312 596 et'urorls
339 529 467 596 nostre
493 509 790 608 adelheidis,
819 511 1346 620 liberorumque'nbslrcnim
1370 515 1620 616 abscessione

142 631 248 704 nostre
275 627 315 690 et
343 617 488 686 eorum‘
503 610 612 686 saluti
639 612 922 714 prospicientes,
953 614 994 690 in
1018 618 1250 720 possessione
1279 636 1405 698 nostra
1427 624 1641 706 {trohen-'v
1684 610 1689 633 ’

140 715 237 794 bach
255 713 385 786 tratres
408 707 607 808 monastici
627 710 770 786 ordinis
789 721 1022 806 instituimus,
1047 739 1091 790 ac
1107 741 1238 796 corum
1256 721 1480 820 necessariis,
1503 723 1638 826 quam*

67 836 70 860 ι
140 816 205 885 tum
219 811 266 886 de
282 833 357 892 nro
380 817 585 906 potuimus,
610 809 812 906 providere
836 821 1054 906 curavimus,
1079 813 1332 892 donanteseis
1354 837 1493 898 etcum
1512 823 1620 908 omni

135 905 205 1013 jure
227 933 299 983 nro
320 905 441 982 libere
462 906 703 982 conferentes
723 905 864 986 vatam
892 907 1161 987 llswanlrch
1187 937 1275 994 cum
1299 917 1477 1000 omnibus
1504 920 1621 1020 perti.
1692 929 1695 942 ’

45 1049 47 1055 ·
137 1005 259 1084 nentiis
274 1013 361 1092 suis,
387 1021 426 1080 et
443 1003 653 1082 Ecclesiam
673 1003 990 1082 llsvvanlrch'cum
1009 1008 1230 1104 tundojsuo,
1255 1023 1295 1090 in
1314 1011 1390 1114 quo
1409 1027 1528 1126 posita
1552 1015 1621 1114 est,

138 1117 168 1180 et
185 1131 269 1180 oum
286 1098 594 1186 ministerialibus
607 1112 648 1180 et
664 1101 805 1200 prediis
818 1103 868 1180 ad
883 1106 1048 1180 eundern
1069 1109 1197 1185 locum
1217 1110 1496 1208 pertinentibus
1517 1117 1621 1214 apud
1673 1121 1687 1130 “

139 1200 349 1290 Chambe,
383 1200 558 1300 predium
588 1198 747 1276 nomine
780 1200 1107 1294 Altenmarlrt,
1140 1205 1378 1304 Putzling,
1409 1209 1623 1290 Wiltma»

136 1298 233 1396 ring,
258 1297 496 1414 parrochiam
520 1297 562 1373 in
587 1285 757 1374 Walde
784 1321 873 1408 cum
895 1298 1197 1376 ministerialibus
1224 1313 1309 1397 suis,
1333 1319 1429 1384 sicut
1456 1309 1621 1410 nosipsi

177 1399 362 1474 nedrmus.
413 1393 584 1475 Consilio
604 1413 736 1471 autem
759 1397 906 1469 donuni
922 1394 1164 1492 ¹Eichengeri
1186 1395 1339 1494 abbatis,
1363 1427 1480 1503 quem
1501 1407 1622 1488 libera
1682 1474 1684 1482 ,

134 1423 274 1570 iitrum
289 1487 458 1596 ejusdem
475 1490 551 1570 loci
566 1491 759 1570 electione
775 1490 912 1571 Virum
927 1495 1223 1584 secundumcor
1236 1512 1409 1576 nostrum
1425 1501 1620 1600 habemus,
1681 1551 1708 1598 ,-

135 1594 287 1672 eundem
301 1595 429 1670 locum
445 1590 487 1666 in
500 1583 842 1689 manus-cujusdam
862 1584 999 1664 nobilis
1019 1589 1103 1668 Viri
1124 1591 1289 1670 Gotfridi
1311 1596 1360 1679 de
1372 1595 1498 1676 wera
1518 1604 1624 1690 dele-

131 1690 309 1786 gavinius,
353 1711 470 1788 quem
502 1687 617 1765 etiam
656 1711 743 1762 cum
770 1694 852 1790 ipsc
880 1685 1128 1784 &changeio
1159 1689 1298 1770 abbate
1338 1696 1388 1770 ad
1418 1697 1623 1782 dominum
1741 1773 1745 1792 ,

129 1787 315 1864 Kalixtum
330 1785 475 1886 ‚Papam
501 1781 718 1882 direximus,
750 1797 794 1863 et
819 1793 856 1862 ci
886 1810 931 1860 ac
957 1804 1089 1864 sancto
1115 1789 1231 1868 Petro
1265 1793 1426 1876 eandem
1451 1814 1624 1884 nostram

127 1887 392 1984 possessionem
420 1881 667 1962 Richenbach
689 1909 778 1956 cum
801 1880 977 1956 omnibus
1003 1883 1053 1956 ad
1079 1887 1245 1962 eundem
1272 1891 1402 1968 locum
1427 1891 1621 2006 perimen-

127 1983 214 2057 tibus
242 1980 521 2078 assignavimus,
553 1980 621 2080 qui
647 1999 812 2056 nostram
840 1978 1080 2056 oblacionem
1105 1977 1316 2062 clementer
1343 1987 1550 2088 suscipiens
1574 2019 1620 2072 ao
1716 2001 1743 2044 '-

124 2094 242 2184 nostre
272 2078 458 2180 peticioni
483 2079 525 2154 in
553 2076 729 2154 omnibus
759 2077 996 2168 satisfaciens,
1032 2101 1197 2178 quecum
1254 2079 1382 2186 ejura
1411 2090 1620 2186 postulavi.

125 2202 208 2270 mus,
240 2175 390 2279 prefato
418 2178 505 2251 loco
532 2179 723 2287 gratam&
752 2173 950 2266 concessit,
972 2197 1018 2250 ac
1041 2175 1211 2276 privilegi
1251 2191 1306 2256 sui
1329 2184 1554 2263 auctoritate
1576 2187 1620 2268 {12
1733 2211 1741 2226 κ
1772 2291 1776 2298 ι

121 2291 347 2445 perpetuum
373 2272 642 2352 corroborant.
698 2272 776 2352 Sed
806 2271 985 2384 quoniam
1011 2294 1182 2350 nostrum
1209 2291 1276 2370 est,
1315 2297 1359 2358 ut
1381 2281 1621 2394 sepedictum

135 2399 240 2449 ocum
260 2375 307 2448 in
326 2367 498 2456 omnibus
523 2371 649 2448 bonor
673 2394 767 2460 mus,
802 2369 983 2470 quicquid
1001 2365 1154 2472 justicie
1180 2373 1251 2488 ipsi
1273 2401 1534 2472 concessimus,
1563 2397 1620 2463 at.
1650 2411 1651 2416 ¹
1768 2401 1773 2420 ¹

121 2497 188 2568 que
211 2499 232 2547 a
260 2470 653 2567 dominoA-postolico
673 2465 967 2568 mipetravimus,
990 2469 1107 2546 literis
1127 2470 1260 2569 Sigrlto
1283 2499 1354 2569 nro¹
1380 2471 1544 2572 firmatis,
1574 2479 1619 2556 li.
1687 2485 1692 2492 '

119 2563 208 2644 beris
242 2591 401 2676 quoque
426 2577 502 2640 nris
532 2591 577 2640 ac
607 2576 714 2642 omni
743 2577 955 2666 posteritati
985 2565 1203 2669 relinquere
1234 2574 1336 2647 utile
1358 2568 1620 2680 indicavimus,
1659 2653 1667 2660 ,
1751 2610 1753 2621 ,
1785 2607 1786 2614 ¹

120 2691 207 2766 quos
230 2667 275 2744 in
298 2667 372 2742 hoc
393 2662 505 2741 nobis
524 2675 698 2763 optamus
719 2687 810 2740 vere
827 2661 919 2739 fidei
938 2664 1109 2756 heredes,
1135 2685 1179 2740 ut
1198 2673 1375 2768 exemplo
1394 2682 1452 2744 nri
1469 2685 1619 2772 paterni
1663 2689 1673 2710 f

38 2793 40 2848 t
116 2767 257 2840 amoris·
272 2765 324 2839 ad
348 2762 452 2839 idem
486 2763 754 2838 monasterium
791 2784 941 2862 semper
974 2769 1199 2840 convertant
1235 2791 1390 2842 ornnem
1423 2793 1531 2843 suum
1567 2772 1620 2846 af·

113 2861 268 2940 iscium.
322 2861 440 2935 Porro
461 2857 535 2934 hec
560 2873 659 2948 sunt,
685 2883 759 2959 que
785 2857 1041 2950 concedimus,
1066 2858 1220 2964 scilicet,
1251 2878 1294 2938 ut
1320 2866 1483 2964 quilibet
1504 2868 1618 2946 mini.
1676 2869 1682 2876 '

38 2971 39 2976 ’
101 2961 322 3034 ‘cerialium
355 2968 575 3036 nostrorum
606 2959 747 3059 predia,
786 2954 984 3054 mancipia,
1023 2959 1087 3034 vel
1126 2985 1357 3060 quecunque
1386 2963 1617 3043 hereditario
1723 2981 1732 3000 ‘
1762 2979 1776 2988 “

105 3048 189 3154 jure
216 3053 444 3158 possederit,
468 3065 597 3130 sancte
626 3056 746 3132 Maris
769 3055 813 3130 in
842 3053 1092 3143 Richenbaeh
1120 3056 1342 3162 conferendi
1367 3058 1528 3136 liberam.
1550 3089 1618 3164 po·

109 3167 289 3230 testatem
309 3151 477 3244 shabeot,
516 3152 621 3251 quod
654 3153 768 3234 etiam
804 3149 1024 3266 horninibus
1054 3162 1129 3269 nris
1154 3175 1237 3270 tam
1274 3155 1463 3270 divitibus,
1503 3187 1643 3266 qum.

99 3251 357 3366 pauperibus,
389 3253 451 3328 vel
475 3249 601 3325 adhuc
620 3275 788 3350 quoque
822 3275 899 3326 uns
931 3253 1247 3347 munsterulrbus,
1280 3255 1446 3354 quintis
1476 3259 1618 3360 prediis
1666 3339 1668 3344 ,

106 3347 374 3426 inbeneficiati
408 3357 507 3434 sunt,
542 3368 642 3446 eque
679 3348 934 3440 concedimus,
970 3359 1016 3422 ut
1048 3349 1194 3426 scilicet
1228 3351 1354 3430 cidem
1384 3356 1618 3435 monasterio
1690 3425 1697 3436 .
1738 3373 1747 3388 “

154 3447 315 3524 odlibei
345 3443 578 3523 beneficium
609 3443 730 3522 libere
756 3445 962 3520 conferant.
1027 3447 1090 3524 De
1125 3461 1254 3524 cetero
1282 3451 1516 3532 advocatiam
1540 3453 1619 3532 loci

127 3543 277 3621 omino
293 3541 452 3618 Kalixto
477 3541 703 3642 Apostolieo
728 3541 1004 3638 assignavimus,
1030 3569 1144 3643 quam
1172 3543 1254 3657 ipse
1274 3551 1482 3626 secundum
1509 3549 1619 3628 nram

101 3643 350 3742 peticionem
375 3637 619 3734 Erchengem
635 3635 777 3714 abbati
807 3651 969 3740 suisque
995 3639 1281 3719 Successonbus
1315 3646 1358 3724 in
1388 3675 1412 3747 p
1506 3662 1619 3732 tuum

38 3733 41 3748 ’
102 3739 317 3832 commisit,
353 3757 398 3813 ut
420 3735 519 3816 sicut
549 3736 603 3813 eis
634 3731 742 3840 juxis
771 3736 974 3813 utilitatem
1004 3735 1081 3812 loci
1104 3739 1223 3816 visum
1252 3743 1376 3837 fiterit,
1408 3767 1455 3822 ve
1495 3747 1619 3843 nobis,

96 3843 156 3916 vel
179 3833 355 3915 cuilibet
380 3832 544 3931 filiorum
565 3837 628 3913 vel
656 3835 841 3946 heredum
866 3847 1095 3946 nostrorum,
1119 3841 1181 3916 vel
1204 3839 1235 3915 si
1254 3856 1412 3944 propter
1436 3843 1619 3944 importu·

38 3929 40 3996 l
93 3943 277 4028 nitatem
300 3961 406 4010 nram
437 3931 679 4010 aliudvisum
702 3931 828 4022 iuent,
855 3931 972 4007 cuiins
990 3932 1137 4009 homini
1161 3959 1244 4010 eam
1268 3940 1533 4027 committendi
1555 3945 1620 4020 ha·

94 4031 214 4112 beant
242 4044 489 4136 potestatem,
519 4042 586 4132 qui
615 4043 727 4108 etiam
756 4036 996 4120 cbnstitutus,
1028 4031 1306 4110 simonasterio
1327 4035 1447 4134 gravis
1470 4054 1537 4114 aut
1562 4043 1618 4118 in·

94 4133 199 4210 utilis
224 4129 419 4222 extiterit,
444 4143 565 4231 ipsum
593 4130 792 4206 amovendi
820 4139 860 4203 ei
880 4127 994 4202 aliurn
1020 4129 1232 4230 accipiendi
1251 4157 1349 4234 eque
1366 4134 1523 4212 liberam
1549 4141 1621 4216 ha·

90 4226 214 4328 beant
232 4230 481 4352 facultatem
532 4227 720 4334 Quolibet
740 4223 825 4330 jura
843 4225 1015 4355 Marcbie
1041 4253 1111 4356 nse
1138 4239 1347 4354 remisimus
1373 4242 1415 4313 in
1440 4234 1643 4316 omnbus·
