3684 4804
689 255 699 293 t

744 281 837 357 ‘sc
887 297 955 392 592
1005 295 1126 364 Φ“

168 455 292 558 ipsum
308 431 561 533 Castnrni'seu
574 457 826 540 munitionem
839 454 1126 564 perpetraverit,
1141 475 1181 544 et
1199 479 1269 557 per
1283 454 1677 555 aitquemVirednum

83 613 87 637 2
170 558 341 632 obsessus
359 555 485 647 tuerit,
509 567 648 631 neuter
665 555 829 635 duorum
851 557 991 629 ducunt
1014 558 1177 632 eundem
1201 553 1314 632 debet
1336 553 1506 654 recipere
1529 557 1590 634 vel
1613 557 1678 634 de·
1812 613 1817 620 -

168 643 346 747 tenderei
376 651 444 729 sed
472 659 605 728 contra
633 675 720 755 euru
744 649 857 752 ambo
875 651 1137 755 ‚procurabunt
1159 679 1226 752 per
1248 677 1333 736 snos
1354 643 1547 736 Vicednos
1570 649 1677 740 ud'u·
1769 727 1777 734 ,

169 749 312 824 torium
334 748 516 828 exhiberi.
565 747 627 824 De
651 743 783 822 Castro
808 747 1073 829 Trausniht
1098 753 1222 827 taliter
1246 745 1459 840 diffinimus,
1480 681 1637 849 ‹quodit

1 833 2 842 ἵ
128 901 132 910 ,
169 850 281 924 'redes
304 851 490 939 eiusdem,
523 846 572 920 ad
599 871 693 945 quos
717 839 923 918 dinbscttur
942 857 1155 946 pertinere,
1190 847 1683 922 videlicet'Hotzdawnrius
1745 871 1748 879 ’

170 959 210 1020 et
237 943 381 1019 relicta·
402 943 521 1020 fratris
551 943 610 1030 sui
638 941 899 1038 Waltte'rnarii
928 968 974 1018 ac
998 943 1109 1042 pueri
1137 957 1175 1022 et
1200 943 1360 1020 heredes
1388 948 1597 1021 eorundem
1630 945 1678 1020 itt
1708 953 1710 961 '
1808 966 1811 972 ’

170 1042 238 1132 lud
257 1042 383 1132 simul·
399 1055 532 1120 tenere
558 1041 724 1115 debeant
748 1039 815 1113 tati
840 1039 967 1131 modo,
1048 1043 1099 1128 od
1120 1039 1351 1120 cessantibus
1372 1057 1410 1118 et
1430 1042 1574 1118 cassatis
1598 1045 1679 1116 on't·

170 1140 287 1215 'nibus
308 1133 564 1239 emptionibus
617 1139 688 1210 rius
715 1135 818 1211 tactu
851 1159 1004 1235 peram
1034 1163 1077 1211 os
1107 1140 1222 1213 duces
1253 1139 1389 1214 neuter
1419 1136 1585 1236 ipsorum
1612 1141 1679 1236 dug'

107 1287 109 1292 -
172 1262 262 1311 cunt
283 1261 305 1309 a
326 1237 422 1312 sesto
446 1233 557 1310 beati'
617 1231 736 1330 eorgii
756 1259 859 1309 nunu
885 1245 1050 1311 venturo
1074 1257 1143 1334 per
1163 1236 1257 1308 duos
1279 1261 1398 1308 annos
1424 1237 1526 1310 iliud·
1540 1236 1680 1335 debeat¹

166 1337 412 1432 comparare:
439 1351 477 1409 et
495 1331 599 1406 idem
618 1327 910 1408 Hotzdawerins
929 1333 992 1407 vel
1012 1330 1171 1406 heredes
1190 1331 1287 1406 suia
1308 1331 1548 1430 possessione
1564 1326 1681 1432 ipsius

173 1428 295 1506 Castri
319 1433 480 1506 eandem
497 1425 651 1504 affinem
671 1448 776 1502 suam
793 1431 857 1505 rel
877 1427 1037 1502 heredes
1058 1426 1138 1529 ejus
1160 1425 1298 1504 eiicere
1321 1455 1401 1503 non
1425 1428 1563 1504 debeat
1586 1457 1684 1529 quc·

110 1590 115 1620 ,
165 1522 249 1628 ¹quo
276 1529 405 1620 modo,
430 1531 493 1605 vel
519 1527 634 1618 etiam
659 1521 931 1626 ipsaeundem
956 1523 1269 1610 Hotzdnwerium
1294 1539 1360 1600 aut
1384 1549 1470 1599 suos
1495 1551 1683 1624 puerose
1716 1601 1719 1608 Δ

170 1649 373 1719 converso,
400 1643 628 1722 attemptans
649 1619 1045 1720 ,autem‘eiectionem
1070 1623 1194 1714 hmoi3
1216 1618 1412 1724 jussuum
1438 1625 1571 1736 perdet
1595 1625 1681 1722 ipso

67 1742 71 1752 ·
162 1715 279 1815 iacto,
307 1723 410 1822 qnod
434 1724 476 1796 in
495 1713 785 1820 eotient'Cistro
810 1738 850 1795 et
876 1719 1163 1820 quibuscunque
1185 1729 1389 1796 attinentiis
1418 1719 1584 1822 ejusdem
1607 1717 1681 1796 sibi
1783 1787 1788 1796 .

118 1877 122 1883 .
169 1823 393 1919 competere
416 1817 628 1909 videbatur,
651 1814 794 1918 inquo
817 1827 930 1892 ettam
955 1813 1037 1918 jure
1061 1841 1132 1932 per
1155 1834 1334 1921 utrosque
1357 1819 1472 1895 duces
1488 1843 1572 1917 pers
1591 1821 1680 1911 altat
1783 1830 1793 1837 “’

167 1903 301 1991 e'ontia
326 1941 438 2030 quam
464 1927 684 2015 attemptata
708 1911 834 2008 fuerit,
859 1913 950 1989 talts·
966 1914 1103 1991 eiectro
1130 1916 1378 1992 defendetur:
1402 1936 1539 2002 neuter
1563 1925 1680 1994 essent
1696 1989 1711 2002 ,

169 2013 310 2088 ducum
343 2041 385 2090 rn
416 2010 586 2088 locandis
618 2010 760 2087 tbtdem
792 2023 866 2088 suts
897 2011 1116 2091 horninibus
1147 2021 1345 2114 presentet
1375 2037 1494 2086 suurn·
1513 2012 1681 2108 fratrem}

168 2135 242 2210 nec
268 2120 354 2210 ipsis
380 2109 537 2184 ducibus
569 2107 619 2185 de
652 2111 790 2186 eodem
824 2106 956 2184 Castro
970 2111 1125 2187 debent
1158 2111 1285 2186 metito
1317 2127 1491 2209 tempore
1514 2112 1699 2209 ‹larnpnux

169 2208 293 2320 aliqua
318 2203 506 2303 irrogari.¹
533 2203 631 2283 Item
654 2205 816 2281 Vtcednl
847 2205 909 2282 UL
936 2207 986 2284 de
1004 2207 1193 2304 ,Lengvelt
1225 2227 1265 2283 et
1289 2206 1376 2281 Atb.
1403 2209 1451 2292 de
1475 2207 1688 2306 straubing

169 2303 262 2377 serra
297 2331 334 2393 n.¹
355 2303 525 2402 proxime
545 2319 631 2404 post
651 2303 846 2401 Exurge
874 2303 1115 2404 Ratisponanr
1149 2303 1347 2380 intrabunt
1374 2307 1521 2381 ducturi
1540 2317 1681 2392 ‚secum
1761 2349 1769 2355 -

23 2402 27 2412 '
161 2399 218 2476 'de
251 2413 411 2501 utraque
443 2411 549 2499 parte
573 2399 609 2478 8³.
635 2424 811 2501 personas
843 2411 1066 2496 nominatim
1092 2399 1202 2476 nobis
1223 2403 1309 2502 Epo
1335 2399 1376 2475 in
1402 2409 1543 2501 scripto
1567 2400 1682 2498 assis*

162 2497 285 2588 natas,
322 2521 396 2598 que
415 2497 467 2592 de
489 2495 572 2570 dant
603 2509 658 2571 nts
677 2497 952 2596 rapinarunet
974 2495 1238 2573 incendiorum
1264 2511 1400 2573 mutuo
1421 2525 1548 2589 eoram
1568 2497 1681 2572 nobis

128 2593 254 2694 'Epo
271 2591 454 2696 justitiam
484 2523 737 2684 exhibebunt,
769 2605 982 2692 quorum-si
1013 2597 1126 2694 aliqui
1152 2620 1192 2671 se
1219 2594 1516 2689 absentaverint',
1548 2605 1680 2696 proeess

168 2693 235 2767 det
257 2691 430 2792 probatio
452 2701 718 2792 impetentium
746 2689 956 2764 secundum
978 2689 1136 2765 formam
1164 2692 1204 2774 in
1229 2693 1487 2772 instrumento
1512 2691 1679 2792 pristino

78 2847 89 2870 ,
161 2789 502 2902 ,comprehensam
534 2806 574 2880 ¹et
599 2797 629 2861 st
658 2791 753 2864 alter
773 2785 1027 2868 vtcednorum
1051 2787 1184 2864 venire
1208 2797 1292 2868 no'n
1313 2801 1467 2890 poterit,
1484 2793 1602 2866 'idem
1629 2789 1680 2867 aa
1793 2859 1799 2872 ,

169 2899 204 2970 ι..
227 2885 529 2984 'dres'premittet
548 2882 738 2978 nuntium,
772 2891 838 2983 qut
859 2909 985 2959 coram
1003 2883 1113 2960 nobis
1134 2887 1220 2986 Epo
1242 2886 1506 2966 retardationis
1526 2887 1680 2965 sueim·

158 2978 432 3083 ''pedimentum
476 2983 689 3082 legitimum
722 2980 1019 3080 comprobabit,¹
1045 3011 1139 3082 quo.
1159 2997 1330 3060 cessante
1357 2987 1406 3058 ad
1434 2987 1535 3060 diem
1563 2984 1680 3062 alium
1734 3013 1738 3022 ·

159 3085 337 3168 sentent,
369 3103 484 3178 quem
518 3082 571 3156 eis
594 3082 818 3168 ¹duxerimus
841 3081 1354 3174 ,assignandumseauttones
1382 3092 1509 3156 autem
1538 3103 1691 3181 prose,

36 3205 42 3214 ·
157 3173 335 3276 'quilibet
350 3173 566 3266 exhibebit,
597 3181 661 3253 vel
680 3190 950 3276 retorquentur
969 3176 1016 3252 ad
1037 3185 1308 3275 primogenttos
1330 3176 1586 3274 predictorum
1607 3179 1680 3255 du·

99 3335 110 3343 .
157 3277 271 3366 'cum,
301 3271 396 3348 sicut
420 3271 590 3372 superius
618 3289 672 3347 est
695 3296 922 3372 expressum.
972 3273 1071 3350 Item
1102 3273 1185 3348 dam
1216 3299 1263 3347 nc
1287 3297 1309 3347 a
1335 3273 1431 3350 sesto
1462 3274 1499 3349 b.
1523 3275 1683 3359 Andree

158 3375 362 3455 'transacto
392 3361 523 3468 nsque]
554 3369 603 3444 ad
627 3379 828 3445 instantem
864 3366 1167 3468 purificationem
1190 3298 1237 3444 ii.
1262 3367 1312 3449 V·
1344 3369 1536 3471 utrimque
1562 3375 1682 3468 illata,

1640 775 1681 838 e:
1751 777 1756 783 .

157 3473 242 3568 'per
263 3465 456 3562 Vtcednos
471 3467 540 3542 sub
560 3464 739 3566 premissa
758 3489 857 3564 pena
873 3463 1031 3562 obstagii
1050 3466 1137 3567 ipsis
1158 3477 1332 3568 imposita
1348 3467 1594 3564 corrigentur.
1632 3472 1682 3549 ln
1813 3491 1818 3504 ·

157 3556 336 3664 'qu‘ornm
364 3574 536 3642 omniunt
568 3562 830 3643 testimonium
861 3575 1054 3662 presentes
1081 3562 1223 3641 litteras
1252 3563 1388 3662 Sigillis
1419 3566 1501 3640 nris
1521 3565 1682 3642 fecimus
1777 3567 1795 3610 -’

157 3665 413 3740 'cornmu'ntrt
444 3663 603 3736 Datum
619 3677 658 3736 et
677 3673 803 3746 actum
820 3660 1025 3760 Retispone
1039 3686 1142 3736 anno
1157 3659 1263 3754 1284.
1287 3666 1331 3738 ΙΙ.
1348 3661 1432 3736 Kal.
1448 3661 1559 3738 Febr.
1599 3664 1681 3738 Not

15 3791 27 3812 =
71 3842 83 3854 ,
150 3747 285 3834 'ettam
299 3755 345 3848 L
372 3754 414 3834 et'
428 3761 478 3832 H.
500 3761 615 3852 duces
633 3759 892 3872 Bawartepro
905 3759 1144 3834 retormanda
1158 3763 1259 3835 i'nter
1279 3765 1350 3835 n'os
1370 3758 1523 3836 {raternt
1542 3760 1682 3838 ameris

84 3865 91 3878 '
156 3843 463 3932 ’et'Concordie'
477 3856 621 3932 unione
643 3865 682 3928 in
700 3878 876 3954 premissa
896 3853 1027 3942 'omnis
1047 3865 1311 3948 consentimus,
1337 3869 1377 3934 et
1399 3881 1443 3933 ea
1465 3857 1683 3950 nichilomi·
1711 3887 1717 3895 ·

7 3937 15 3952 ’
96 4021 101 4030 ,
159 3975 242 4038 -nus
258 3951 520 4050 approbamus,
540 3971 733 4066 presentes
749 3950 890 4042 litteras
905 3963 944 4031 tn
957 3953 1241 4053 approbationis
1259 3954 1519 4030 testimonium
1532 3945 1683 4052 Slgffli*

173 4073 257 4122 rum
274 4064 429 4124 ntorum
444 4075 654 4128 munimine
668 4048 908 4140 roborantem
933 4049 1179 4142 datumlocu·
1199 4062 1357 4129 annuet
1377 4051 1451 4147 die,
1469 4067 1513 4126 ut
1532 4064 1662 4159 supina¹

298 4143 452 4229 Ouctuor
471 4143 601 4232 Signia,
621 4146 701 4234 Epi,
723 4144 857 4206 Ducum
876 4146 962 4206 Lud.
979 4154 1010 4205 et
1029 4146 1174 4226 Raurici,
1196 4167 1255 4214 nco
1271 4167 1339 4214 nou
1358 4147 1567 4236 Burcgtcsii
1600 4161 1665 4212 zie

277 4273 283 4286 ,
701 4221 915 4315 ’Νοϊίτηόονς.
945 4225 1143 4322 adpetant.
1189 4225 1195 4278 ἶ
1238 4229 1249 4270 '³

932 4637 938 4644 ·
1035 4618 1048 4658 l
