<?xml version="1.0" encoding="UTF-8"?>
<!DOCTYPE html PUBLIC "-//W3C//DTD XHTML 1.0 Transitional//EN"
    "http://www.w3.org/TR/xhtml1/DTD/xhtml1-transitional.dtd">
<html xmlns="http://www.w3.org/1999/xhtml" xml:lang="en" lang="en">
 <head>
  <title>
</title>
<meta http-equiv="Content-Type" content="text/html;charset=utf-8" />
  <meta name='ocr-system' content='tesseract 3.04.00' />
  <meta name='ocr-capabilities' content='ocr_page ocr_carea ocr_par ocr_line ocrx_word'/>
</head>
<body>
  <div class='ocr_page' id='page_1' title='image "./codexchronologi01riedgoog_0062.png"; bbox 0 0 3616 4850; ppageno 0'>
   <div class='ocr_carea' id='block_1_1' title="bbox 806 322 1099 434">
    <p class='ocr_par' dir='ltr' id='par_1_1' title="bbox 806 322 1099 434">
     <span class='ocr_line' id='line_1_1' title="bbox 806 322 1099 434; baseline -0.01 -49"><span class='ocrx_word' id='word_1_1' title='bbox 806 322 1099 434; x_wconf 51' lang='lat' dir='ltr'><strong>whose*</strong></span> 
     </span>
    </p>
   </div>
   <div class='ocr_carea' id='block_1_2' title="bbox 200 483 1703 696">
    <p class='ocr_par' dir='ltr' id='par_1_2' title="bbox 200 483 1703 696">
     <span class='ocr_line' id='line_1_2' title="bbox 200 483 1703 601; baseline -0.001 -23"><span class='ocrx_word' id='word_1_2' title='bbox 200 494 334 592; x_wconf 79' lang='lat' dir='ltr'><strong>cimus,</strong></span> <span class='ocrx_word' id='word_1_3' title='bbox 352 502 416 574; x_wconf 83' lang='lat' dir='ltr'><strong>¹&#39;ut</strong></span> <span class='ocrx_word' id='word_1_4' title='bbox 446 502 533 598; x_wconf 91' lang='lat' dir='ltr'><strong>post</strong></span> <span class='ocrx_word' id='word_1_5' title='bbox 567 491 763 575; x_wconf 77' lang='lat' dir='ltr'>decessum</span> <span class='ocrx_word' id='word_1_6' title='bbox 794 505 968 576; x_wconf 87' lang='lat' dir='ltr'><strong>nostrum</strong></span> <span class='ocrx_word' id='word_1_7' title='bbox 1001 493 1126 572; x_wconf 87' lang='lat' dir='ltr'><strong>nullus</strong></span> <span class='ocrx_word' id='word_1_8' title='bbox 1147 489 1259 573; x_wconf 79' lang='lat' dir='ltr'><strong>iilius</strong></span> <span class='ocrx_word' id='word_1_9' title='bbox 1289 504 1432 592; x_wconf 68' lang='lat' dir='ltr'><strong>nates,</strong></span> <span class='ocrx_word' id='word_1_10' title='bbox 1465 483 1593 601; x_wconf 84' lang='lat' dir='ltr'><strong>neque</strong></span> <span class='ocrx_word' id='word_1_11' title='bbox 1619 505 1703 576; x_wconf 66' lang='lat' dir='ltr'><strong>suci</strong></span> 
     </span>
     <span class='ocr_line' id='line_1_3' title="bbox 200 590 1702 696; baseline 0.001 -24"><span class='ocrx_word' id='word_1_12' title='bbox 200 621 366 676; x_wconf 88' lang='lat' dir='ltr'><strong>cessores</strong></span> <span class='ocrx_word' id='word_1_13' title='bbox 388 594 511 672; x_wconf 87' lang='lat' dir='ltr'>nostri</span> <span class='ocrx_word' id='word_1_14' title='bbox 535 590 613 696; x_wconf 89' lang='lat' dir='ltr'><strong>jam</strong></span> <span class='ocrx_word' id='word_1_15' title='bbox 638 593 797 671; x_wconf 85' lang='lat' dir='ltr'><strong>ulterius</strong></span> <span class='ocrx_word' id='word_1_16' title='bbox 825 593 866 669; x_wconf 90' lang='lat' dir='ltr'><strong>in</strong></span> <span class='ocrx_word' id='word_1_17' title='bbox 887 591 1124 694; x_wconf 76' lang='lat' dir='ltr'><strong>praescriptis</strong></span> <span class='ocrx_word' id='word_1_18' title='bbox 1154 593 1268 670; x_wconf 88' lang='lat' dir='ltr'><strong>rebus</strong></span> <span class='ocrx_word' id='word_1_19' title='bbox 1285 595 1321 670; x_wconf 91' lang='lat' dir='ltr'><strong>S.</strong></span> <span class='ocrx_word' id='word_1_20' title='bbox 1340 595 1596 688; x_wconf 87' lang='lat' dir='ltr'><strong>Emmerami,.</strong></span> <span class='ocrx_word' id='word_1_21' title='bbox 1610 604 1702 696; x_wconf 75' lang='lat' dir='ltr'><strong>quas</strong></span> 
     </span>
    </p>
   </div>
   <div class='ocr_carea' id='block_1_3' title="bbox 59 689 1702 794">
    <p class='ocr_par' dir='ltr' id='par_1_3' title="bbox 59 689 1702 794">
     <span class='ocr_line' id='line_1_4' title="bbox 59 689 1702 794; baseline 0.015 -42"><span class='ocrx_word' id='word_1_22' title='bbox 59 699 61 710; x_wconf 79' lang='grc'>’</span> <span class='ocrx_word' id='word_1_23' title='bbox 95 725 100 730; x_wconf 96' lang='grc'><strong>-</strong></span> <span class='ocrx_word' id='word_1_24' title='bbox 199 719 278 794; x_wconf 75' lang='lat' dir='ltr'><strong>per.</strong></span> <span class='ocrx_word' id='word_1_25' title='bbox 300 691 534 770; x_wconf 86' lang='lat' dir='ltr'><strong>beneficium</strong></span> <span class='ocrx_word' id='word_1_26' title='bbox 561 695 583 766; x_wconf 78' lang='lat' dir='ltr'><strong>d</strong></span> <span class='ocrx_word' id='word_1_27' title='bbox 606 691 832 768; x_wconf 88' lang='lat' dir='ltr'><strong>Rectoribus</strong></span> <span class='ocrx_word' id='word_1_28' title='bbox 865 689 1048 791; x_wconf 84' lang='lat' dir='ltr'><strong>praedicti</strong></span> <span class='ocrx_word' id='word_1_29' title='bbox 1069 691 1293 780; x_wconf 83' lang='lat' dir='ltr'><strong>Monasterii</strong></span> <span class='ocrx_word' id='word_1_30' title='bbox 1315 692 1527 788; x_wconf 79' lang='lat' dir='ltr'><strong>habuimus,</strong></span> <span class='ocrx_word' id='word_1_31' title='bbox 1558 699 1702 776; x_wconf 83' lang='lat' dir='ltr'><strong>nullam</strong></span> 
     </span>
    </p>
   </div>
   <div class='ocr_carea' id='block_1_4' title="bbox 116 786 1774 1479">
    <p class='ocr_par' dir='ltr' id='par_1_4' title="bbox 116 786 1774 1479">
     <span class='ocr_line' id='line_1_5' title="bbox 199 786 1704 892; baseline 0.003 -27"><span class='ocrx_word' id='word_1_32' title='bbox 199 801 428 892; x_wconf 83' lang='lat' dir='ltr'><strong>potestatem</strong></span> <span class='ocrx_word' id='word_1_33' title='bbox 450 789 617 866; x_wconf 76' lang='lat' dir='ltr'><strong>habeant</strong></span> <span class='ocrx_word' id='word_1_34' title='bbox 644 786 784 892; x_wconf 82' lang='lat' dir='ltr'><strong>injuste</strong></span> <span class='ocrx_word' id='word_1_35' title='bbox 812 787 1028 880; x_wconf 85' lang='lat' dir='ltr'><strong>invadendi,</strong></span> <span class='ocrx_word' id='word_1_36' title='bbox 1057 812 1185 888; x_wconf 90' lang='lat' dir='ltr'><strong>neque</strong></span> <span class='ocrx_word' id='word_1_37' title='bbox 1210 788 1257 886; x_wconf 84' lang='lat' dir='ltr'><strong>in</strong></span> <span class='ocrx_word' id='word_1_38' title='bbox 1274 815 1467 890; x_wconf 89' lang='lat' dir='ltr'><strong>quoquam</strong></span> <span class='ocrx_word' id='word_1_39' title='bbox 1496 793 1704 888; x_wconf 83' lang='lat' dir='ltr'><strong>dominare,</strong></span> 
     </span>
     <span class='ocr_line' id='line_1_6' title="bbox 198 885 1705 994; baseline 0.003 -30"><span class='ocrx_word' id='word_1_40' title='bbox 198 889 267 964; x_wconf 82' lang='lat' dir='ltr'><strong>sed</strong></span> <span class='ocrx_word' id='word_1_41' title='bbox 282 887 513 964; x_wconf 75' lang='lat' dir='ltr'><strong>induturum</strong></span> <span class='ocrx_word' id='word_1_42' title='bbox 533 915 622 963; x_wconf 87' lang='lat' dir='ltr'><strong>curn</strong></span> <span class='ocrx_word' id='word_1_43' title='bbox 642 887 751 968; x_wconf 66' lang='lat' dir='ltr'><strong>omni,</strong></span> <span class='ocrx_word' id='word_1_44' title='bbox 768 887 987 984; x_wconf 85' lang='lat' dir='ltr'><strong>integritate</strong></span> <span class='ocrx_word' id='word_1_45' title='bbox 1007 885 1050 962; x_wconf 92' lang='lat' dir='ltr'><strong>in</strong></span> <span class='ocrx_word' id='word_1_46' title='bbox 1065 885 1255 987; x_wconf 78' lang='lat' dir='ltr'><strong>potestate</strong></span> <span class='ocrx_word' id='word_1_47' title='bbox 1275 914 1319 964; x_wconf 87' lang='lat' dir='ltr'><strong>ac</strong></span> <span class='ocrx_word' id='word_1_48' title='bbox 1344 887 1606 966; x_wconf 82' lang='lat' dir='ltr'><strong>dominatione</strong></span> <span class='ocrx_word' id='word_1_49' title='bbox 1623 885 1705 994; x_wconf 73' lang='lat' dir='ltr'><strong>jeten</strong></span> 
     </span>
     <span class='ocr_line' id='line_1_7' title="bbox 116 982 1704 1089; baseline -0.001 -23"><span class='ocrx_word' id='word_1_50' title='bbox 116 1059 125 1066; x_wconf 87' lang='lat'>.</span> <span class='ocrx_word' id='word_1_51' title='bbox 198 982 292 1061; x_wconf 90' lang='lat' dir='ltr'><strong>dicti</strong></span> <span class='ocrx_word' id='word_1_52' title='bbox 318 984 542 1061; x_wconf 86' lang='lat' dir='ltr'><strong>Monasterii</strong></span> <span class='ocrx_word' id='word_1_53' title='bbox 573 985 717 1086; x_wconf 90' lang='lat' dir='ltr'><strong>absque</strong></span> <span class='ocrx_word' id='word_1_54' title='bbox 748 983 906 1089; x_wconf 84' lang='lat' dir='ltr'><strong>alicujus</strong></span> <span class='ocrx_word' id='word_1_55' title='bbox 932 982 1200 1060; x_wconf 82' lang='lat' dir='ltr'><strong>contrarietate</strong></span> <span class='ocrx_word' id='word_1_56' title='bbox 1227 1003 1293 1060; x_wconf 83' lang='lat' dir='ltr'><strong>aut</strong></span> <span class='ocrx_word' id='word_1_57' title='bbox 1316 982 1595 1086; x_wconf 89' lang='lat' dir='ltr'><strong>impedimento</strong></span> <span class='ocrx_word' id='word_1_58' title='bbox 1624 992 1704 1089; x_wconf 85' lang='lat' dir='ltr'><strong>ple·</strong></span> 
     </span>
     <span class='ocr_line' id='line_1_8' title="bbox 196 1080 1704 1181; baseline -0.001 -21"><span class='ocrx_word' id='word_1_59' title='bbox 196 1080 300 1160; x_wconf 88' lang='lat' dir='ltr'><strong>niter</strong></span> <span class='ocrx_word' id='word_1_60' title='bbox 319 1103 566 1160; x_wconf 82' lang='lat' dir='ltr'><strong>revertantur.</strong></span> <span class='ocrx_word' id='word_1_61' title='bbox 620 1087 672 1156; x_wconf 89' lang='lat' dir='ltr'><strong>Et</strong></span> <span class='ocrx_word' id='word_1_62' title='bbox 691 1095 736 1157; x_wconf 92' lang='lat' dir='ltr'><strong>ut</strong></span> <span class='ocrx_word' id='word_1_63' title='bbox 761 1085 857 1160; x_wconf 89' lang='lat' dir='ltr'><strong>haec</strong></span> <span class='ocrx_word' id='word_1_64' title='bbox 875 1081 1077 1157; x_wconf 86' lang='lat' dir='ltr'><strong>auctoritas</strong></span> <span class='ocrx_word' id='word_1_65' title='bbox 1097 1080 1387 1181; x_wconf 84' lang='lat' dir='ltr'><strong>conscriptionis</strong></span> <span class='ocrx_word' id='word_1_66' title='bbox 1407 1099 1557 1162; x_wconf 89' lang='lat' dir='ltr'><strong>nostrae</strong></span> <span class='ocrx_word' id='word_1_67' title='bbox 1574 1085 1596 1158; x_wconf 74' lang='lat' dir='ltr'><strong>d</strong></span> <span class='ocrx_word' id='word_1_68' title='bbox 1613 1113 1704 1162; x_wconf 72' lang='lat' dir='ltr'><strong>cun,-</strong></span> 
     </span>
     <span class='ocr_line' id='line_1_9' title="bbox 197 1177 1774 1284; baseline 0.004 -30"><span class='ocrx_word' id='word_1_69' title='bbox 197 1179 268 1254; x_wconf 88' lang='lat' dir='ltr'><strong>ctis</strong></span> <span class='ocrx_word' id='word_1_70' title='bbox 289 1177 466 1256; x_wconf 83' lang='lat' dir='ltr'><strong>fidelbus</strong></span> <span class='ocrx_word' id='word_1_71' title='bbox 487 1195 638 1260; x_wconf 86' lang='lat' dir='ltr'><strong>sanctae</strong></span> <span class='ocrx_word' id='word_1_72' title='bbox 658 1179 736 1258; x_wconf 90' lang='lat' dir='ltr'><strong>Dei</strong></span> <span class='ocrx_word' id='word_1_73' title='bbox 756 1179 1013 1268; x_wconf 76' lang='lat' dir='ltr'><strong>Ecclesiae·&#39;et</strong></span> <span class='ocrx_word' id='word_1_74' title='bbox 1032 1177 1169 1253; x_wconf 88' lang='lat' dir='ltr'><strong>nostris</strong></span> <span class='ocrx_word' id='word_1_75' title='bbox 1195 1205 1266 1284; x_wconf 88' lang='lat' dir='ltr'><strong>per</strong></span> <span class='ocrx_word' id='word_1_76' title='bbox 1290 1179 1418 1254; x_wconf 83' lang='lat' dir='ltr'><strong>sutura</strong></span> <span class='ocrx_word' id='word_1_77' title='bbox 1442 1193 1519 1256; x_wconf 89' lang='lat' dir='ltr'><strong>tem</strong></span> <span class='ocrx_word' id='word_1_78' title='bbox 1551 1209 1616 1258; x_wconf 85' lang='lat' dir='ltr'><strong>ora</strong></span> <span class='ocrx_word' id='word_1_79' title='bbox 1641 1208 1703 1262; x_wconf 85' lang='lat' dir='ltr'><strong>ve·</strong></span> <span class='ocrx_word' id='word_1_80' title='bbox 1755 1183 1774 1197; x_wconf 82' lang='lat'><strong>&#39;&#39;</strong></span> 
     </span>
     <span class='ocr_line' id='line_1_10' title="bbox 195 1210 1743 1390; baseline 0.006 -39"><span class='ocrx_word' id='word_1_81' title='bbox 195 1276 276 1351; x_wconf 77' lang='lat' dir='ltr'><strong>rius</strong></span> <span class='ocrx_word' id='word_1_82' title='bbox 301 1279 488 1376; x_wconf 80' lang='lat' dir='ltr'><strong>credatur,</strong></span> <span class='ocrx_word' id='word_1_83' title='bbox 513 1293 628 1380; x_wconf 84' lang='lat' dir='ltr'><strong>atque</strong></span> <span class='ocrx_word' id='word_1_84' title='bbox 643 1277 862 1374; x_wconf 72' lang='lat' dir='ltr'><strong>diligentins</strong></span> <span class='ocrx_word' id='word_1_85' title='bbox 876 1289 1132 1369; x_wconf 84' lang='lat' dir='ltr'><strong>conservetur,</strong></span> <span class='ocrx_word' id='word_1_86' title='bbox 1156 1301 1273 1351; x_wconf 89' lang='lat' dir='ltr'><strong>manu</strong></span> <span class='ocrx_word' id='word_1_87' title='bbox 1290 1277 1447 1390; x_wconf 86' lang='lat' dir='ltr'><strong>propria</strong></span> <span class='ocrx_word' id='word_1_88' title='bbox 1467 1210 1600 1357; x_wconf 70' lang='lat' dir='ltr'><strong>sudser</strong></span> <span class='ocrx_word' id='word_1_89' title='bbox 1619 1285 1703 1360; x_wconf 84' lang='lat' dir='ltr'><strong>eam</strong></span> <span class='ocrx_word' id='word_1_90' title='bbox 1738 1311 1743 1322; x_wconf 81' lang='lat'><strong>·</strong></span> 
     </span>
     <span class='ocr_line' id='line_1_11' title="bbox 197 1371 1612 1479; baseline 0.001 -28.988"><span class='ocrx_word' id='word_1_91' title='bbox 197 1371 439 1470; x_wconf 88' lang='lat' dir='ltr'><strong>firmavimus,</strong></span> <span class='ocrx_word' id='word_1_92' title='bbox 465 1390 503 1454; x_wconf 89' lang='lat' dir='ltr'><strong>et</strong></span> <span class='ocrx_word' id='word_1_93' title='bbox 524 1376 656 1454; x_wconf 89' lang='lat' dir='ltr'><strong>annuli</strong></span> <span class='ocrx_word' id='word_1_94' title='bbox 675 1388 795 1452; x_wconf 87' lang='lat' dir='ltr'><strong>nostri</strong></span> <span class='ocrx_word' id='word_1_95' title='bbox 807 1375 1057 1479; x_wconf 88' lang='lat' dir='ltr'><strong>impressione</strong></span> <span class='ocrx_word' id='word_1_96' title='bbox 1079 1375 1263 1470; x_wconf 86' lang='lat' dir='ltr'><strong>adsignari</strong></span> <span class='ocrx_word' id='word_1_97' title='bbox 1283 1379 1471 1478; x_wconf 79' lang='lat' dir='ltr'><strong>Jussrufus.</strong></span> <span class='ocrx_word' id='word_1_98' title='bbox 1513 1395 1516 1400; x_wconf 84' lang='lat'>·</span> <span class='ocrx_word' id='word_1_99' title='bbox 1606 1443 1612 1451; x_wconf 90' lang='lat'>.</span> 
     </span>
    </p>
   </div>
   <div class='ocr_carea' id='block_1_5' title="bbox 198 1537 1751 1665">
    <p class='ocr_par' dir='ltr' id='par_1_5' title="bbox 198 1537 1751 1665">
     <span class='ocr_line' id='line_1_12' title="bbox 198 1537 1751 1665; baseline 0 -33"><span class='ocrx_word' id='word_1_100' title='bbox 198 1537 239 1632; x_wconf 79' lang='lat' dir='ltr'><em>S</em></span> <span class='ocrx_word' id='word_1_101' title='bbox 240 1551 402 1664; x_wconf 79' lang='lat' dir='ltr'><strong>ignum</strong></span> <span class='ocrx_word' id='word_1_102' title='bbox 415 1539 712 1634; x_wconf 79' lang='lat' dir='ltr'><strong>Hludouuici</strong></span> <span class='ocrx_word' id='word_1_103' title='bbox 729 1540 1071 1634; x_wconf 77' lang='lat' dir='ltr'><strong>Gloriosissirizi</strong></span> <span class='ocrx_word' id='word_1_104' title='bbox 1085 1538 1245 1663; x_wconf 76' lang='lat' dir='ltr'><strong>Regu:</strong></span> <span class='ocrx_word' id='word_1_105' title='bbox 1257 1539 1703 1665; x_wconf 78' lang='lat' dir='ltr'><strong>(Monogramma.)</strong></span> <span class='ocrx_word' id='word_1_106' title='bbox 1744 1651 1751 1660; x_wconf 67' lang='lat'>,</span> 
     </span>
    </p>
   </div>
   <div class='ocr_carea' id='block_1_6' title="bbox 206 1707 1397 1824">
    <p class='ocr_par' dir='ltr' id='par_1_6' title="bbox 206 1707 1397 1824">
     <span class='ocr_line' id='line_1_13' title="bbox 206 1707 1397 1824; baseline -0.003 -22"><span class='ocrx_word' id='word_1_107' title='bbox 206 1707 213 1718; x_wconf 49' lang='lat'><strong>¹</strong></span> <span class='ocrx_word' id='word_1_108' title='bbox 272 1717 506 1804; x_wconf 51' lang='lat' dir='ltr'><strong>*comestus</strong></span> <span class='ocrx_word' id='word_1_109' title='bbox 531 1724 715 1802; x_wconf 89' lang='lat' dir='ltr'><strong>Notarius</strong></span> <span class='ocrx_word' id='word_1_110' title='bbox 743 1725 791 1803; x_wconf 90' lang='lat' dir='ltr'><strong>ad</strong></span> <span class='ocrx_word' id='word_1_111' title='bbox 812 1735 940 1802; x_wconf 89' lang='lat' dir='ltr'><strong>uicem</strong></span> <span class='ocrx_word' id='word_1_112' title='bbox 963 1722 1135 1801; x_wconf 85' lang='lat' dir='ltr'><strong>Radleici</strong></span> <span class='ocrx_word' id='word_1_113' title='bbox 1160 1724 1397 1824; x_wconf 85' lang='lat' dir='ltr'><strong>recognovit.</strong></span> 
     </span>
    </p>
   </div>
   <div class='ocr_carea' id='block_1_7' title="bbox 193 1881 1802 2208">
    <p class='ocr_par' dir='ltr' id='par_1_7' title="bbox 193 1881 1802 2208">
     <span class='ocr_line' id='line_1_14' title="bbox 199 1881 1802 1990; baseline 0.002 -22"><span class='ocrx_word' id='word_1_114' title='bbox 199 1963 202 1968; x_wconf 88' lang='lat'>.</span> <span class='ocrx_word' id='word_1_115' title='bbox 294 1893 394 1967; x_wconf 87' lang='lat' dir='ltr'><strong>Data</strong></span> <span class='ocrx_word' id='word_1_116' title='bbox 414 1890 465 1965; x_wconf 89' lang='lat' dir='ltr'><strong>V.</strong></span> <span class='ocrx_word' id='word_1_117' title='bbox 495 1893 578 1968; x_wconf 87' lang='lat' dir='ltr'><strong>Kal.</strong></span> <span class='ocrx_word' id='word_1_118' title='bbox 610 1891 771 1988; x_wconf 83' lang='lat' dir='ltr'><strong>Augusti</strong></span> <span class='ocrx_word' id='word_1_119' title='bbox 798 1891 913 1968; x_wconf 82' lang='lat' dir='ltr'><strong>Anno</strong></span> <span class='ocrx_word' id='word_1_120' title='bbox 936 1887 1090 1967; x_wconf 91' lang='lat' dir='ltr'><strong>Christo</strong></span> <span class='ocrx_word' id='word_1_121' title='bbox 1108 1890 1290 1990; x_wconf 76' lang='lat' dir='ltr'><strong>propitio</strong></span> <span class='ocrx_word' id='word_1_122' title='bbox 1312 1890 1534 1989; x_wconf 80' lang='lat' dir='ltr'><strong>XL’Regni</strong></span> <span class='ocrx_word' id='word_1_123' title='bbox 1555 1893 1707 1972; x_wconf 57' lang='lat' dir='ltr'><strong>Domni*</strong></span> <span class='ocrx_word' id='word_1_124' title='bbox 1797 1881 1802 1889; x_wconf 37' lang='lat'><strong>¹</strong></span> 
     </span>
     <span class='ocr_line' id='line_1_15' title="bbox 196 1987 1791 2094; baseline -0.003 -26"><span class='ocrx_word' id='word_1_125' title='bbox 196 1989 435 2068; x_wconf 87' lang='lat' dir='ltr'><strong>Hludouuici</strong></span> <span class='ocrx_word' id='word_1_126' title='bbox 459 1989 638 2087; x_wconf 85' lang='lat' dir='ltr'><strong>Regisin</strong></span> <span class='ocrx_word' id='word_1_127' title='bbox 656 1990 846 2091; x_wconf 69' lang='lat' dir='ltr'><strong>Orientali</strong></span> <span class='ocrx_word' id='word_1_128' title='bbox 867 1989 1035 2080; x_wconf 87' lang='lat' dir='ltr'><strong>Francia,</strong></span> <span class='ocrx_word' id='word_1_129' title='bbox 1060 1988 1271 2066; x_wconf 86' lang='lat' dir='ltr'><strong>indictione</strong></span> <span class='ocrx_word' id='word_1_130' title='bbox 1292 1987 1376 2068; x_wconf 79' lang='lat' dir='ltr'><strong>Vll.</strong></span> <span class='ocrx_word' id='word_1_131' title='bbox 1423 1993 1567 2067; x_wconf 88' lang='lat' dir='ltr'><strong>Actum</strong></span> <span class='ocrx_word' id='word_1_132' title='bbox 1583 1993 1703 2094; x_wconf 79' lang='lat' dir='ltr'><strong>Rega-</strong></span> <span class='ocrx_word' id='word_1_133' title='bbox 1788 2073 1791 2082; x_wconf 22' lang='grc'>1</span> 
     </span>
     <span class='ocr_line' id='line_1_16' title="bbox 193 2085 1282 2208; baseline -0.007 -38"><span class='ocrx_word' id='word_1_134' title='bbox 193 2089 363 2190; x_wconf 77' lang='lat' dir='ltr'><strong>nesburg</strong></span> <span class='ocrx_word' id='word_1_135' title='bbox 387 2085 538 2168; x_wconf 83' lang='lat' dir='ltr'><strong>civitate</strong></span> <span class='ocrx_word' id='word_1_136' title='bbox 563 2088 606 2164; x_wconf 91' lang='lat' dir='ltr'><strong>in</strong></span> <span class='ocrx_word' id='word_1_137' title='bbox 625 2088 705 2208; x_wconf 74' lang='lat' dir='ltr'><strong>¹Dei</strong></span> <span class='ocrx_word' id='word_1_138' title='bbox 728 2088 886 2163; x_wconf 88' lang='lat' dir='ltr'><strong>nomine</strong></span> <span class='ocrx_word' id='word_1_139' title='bbox 909 2085 1072 2164; x_wconf 78' lang='lat' dir='ltr'><strong>feliciter</strong></span> <span class='ocrx_word' id='word_1_140' title='bbox 1094 2088 1232 2162; x_wconf 88' lang='lat' dir='ltr'><strong>Arnen.</strong></span> <span class='ocrx_word' id='word_1_141' title='bbox 1247 2086 1282 2185; x_wconf 81' lang='grc'><strong>*)</strong></span> 
     </span>
    </p>
   </div>
   <div class='ocr_carea' id='block_1_8' title="bbox 557 2251 1518 2340">
    <p class='ocr_par' dir='ltr' id='par_1_8' title="bbox 557 2251 1518 2340">
     <span class='ocr_line' id='line_1_17' title="bbox 557 2251 1518 2340; baseline 0.001 -21"><span class='ocrx_word' id='word_1_142' title='bbox 557 2251 719 2340; x_wconf 66' lang='grc' dir='ltr'><strong><em>δίςίὶὶιιω</em></strong></span> <span class='ocrx_word' id='word_1_143' title='bbox 736 2251 894 2316; x_wconf 74' lang='lat' dir='ltr'><strong>conicum</strong></span> <span class='ocrx_word' id='word_1_144' title='bbox 914 2261 969 2329; x_wconf 81' lang='lat' dir='ltr'><strong>est,</strong></span> <span class='ocrx_word' id='word_1_145' title='bbox 992 2251 1131 2316; x_wconf 64' lang='lat' dir='ltr'><strong>macule</strong></span> <span class='ocrx_word' id='word_1_146' title='bbox 1151 2261 1344 2320; x_wconf 74' lang='lat' dir='ltr'><strong>runamnu</strong></span> <span class='ocrx_word' id='word_1_147' title='bbox 1364 2275 1407 2318; x_wconf 72' lang='lat' dir='ltr'><strong>sc</strong></span> <span class='ocrx_word' id='word_1_148' title='bbox 1426 2273 1518 2321; x_wconf 76' lang='lat' dir='ltr'><strong>cera..</strong></span> 
     </span>
    </p>
   </div>
   <div class='ocr_carea' id='block_1_9' title="bbox 617 2525 1280 2630">
    <p class='ocr_par' dir='ltr' id='par_1_9' title="bbox 617 2525 1280 2630">
     <span class='ocr_line' id='line_1_18' title="bbox 617 2525 1280 2630; baseline 0 -26"><span class='ocrx_word' id='word_1_149' title='bbox 617 2525 733 2604; x_wconf 88' lang='lat' dir='ltr'><strong>Num.</strong></span> <span class='ocrx_word' id='word_1_150' title='bbox 757 2525 937 2607; x_wconf 83' lang='lat' dir='ltr'><strong>XXXIX.</strong></span> <span class='ocrx_word' id='word_1_151' title='bbox 988 2539 1084 2623; x_wconf 69' lang='lat'><strong>844·¹</strong></span> <span class='ocrx_word' id='word_1_152' title='bbox 1106 2527 1148 2604; x_wconf 86' lang='lat'><strong>15</strong></span> <span class='ocrx_word' id='word_1_153' title='bbox 1174 2527 1280 2630; x_wconf 78' lang='lat' dir='ltr'><strong>Sept.</strong></span> 
     </span>
    </p>
   </div>
   <div class='ocr_carea' id='block_1_10' title="bbox 194 2643 1748 2852">
    <p class='ocr_par' dir='ltr' id='par_1_10' title="bbox 194 2643 1748 2852">
     <span class='ocr_line' id='line_1_19' title="bbox 194 2643 1748 2753; baseline 0.002 -21"><span class='ocrx_word' id='word_1_154' title='bbox 194 2657 393 2732; x_wconf 69' lang='lat' dir='ltr'><strong>hudocuicus</strong></span> <span class='ocrx_word' id='word_1_155' title='bbox 413 2663 604 2748; x_wconf 82' lang='lat' dir='ltr'><strong>germanicus</strong></span> <span class='ocrx_word' id='word_1_156' title='bbox 624 2643 833 2725; x_wconf 36' lang='lat' dir='ltr'><strong>sd&#39;Rotechin</strong></span> <span class='ocrx_word' id='word_1_157' title='bbox 855 2665 978 2727; x_wconf 82' lang='lat' dir='ltr'><strong>cuidam</strong></span> <span class='ocrx_word' id='word_1_158' title='bbox 999 2667 1113 2724; x_wconf 87' lang='lat' dir='ltr'><strong>clerico</strong></span> <span class='ocrx_word' id='word_1_159' title='bbox 1131 2662 1296 2726; x_wconf 86' lang='lat' dir='ltr'><strong>Dominico</strong></span> <span class='ocrx_word' id='word_1_160' title='bbox 1318 2669 1470 2728; x_wconf 75' lang='lat' dir='ltr'><strong>nonnullo</strong></span> <span class='ocrx_word' id='word_1_161' title='bbox 1492 2668 1588 2753; x_wconf 81' lang='lat' dir='ltr'><strong>donat</strong></span> <span class='ocrx_word' id='word_1_162' title='bbox 1604 2670 1704 2736; x_wconf 81' lang='lat' dir='ltr'><strong>inter·</strong></span> <span class='ocrx_word' id='word_1_163' title='bbox 1743 2701 1748 2707; x_wconf 62' lang='lat'>¹</span> 
     </span>
     <span class='ocr_line' id='line_1_20' title="bbox 240 2771 1561 2852; baseline -0.001 -15"><span class='ocrx_word' id='word_1_164' title='bbox 240 2845 243 2852; x_wconf 29' lang='lat'>¹</span> <span class='ocrx_word' id='word_1_165' title='bbox 330 2779 428 2837; x_wconf 75' lang='lat' dir='ltr'><strong>ventu</strong></span> <span class='ocrx_word' id='word_1_166' title='bbox 449 2773 585 2834; x_wconf 85' lang='lat' dir='ltr'><strong>Baturici</strong></span> <span class='ocrx_word' id='word_1_167' title='bbox 601 2772 659 2849; x_wconf 86' lang='lat' dir='ltr'><strong>Epi</strong></span> <span class='ocrx_word' id='word_1_168' title='bbox 680 2771 842 2832; x_wconf 85' lang='lat' dir='ltr'><strong>Ratisbon·</strong></span> <span class='ocrx_word' id='word_1_169' title='bbox 863 2771 1039 2831; x_wconf 83' lang='lat' dir='ltr'><strong>Berinlrsrii</strong></span> <span class='ocrx_word' id='word_1_170' title='bbox 1057 2771 1198 2844; x_wconf 77' lang='lat' dir='ltr'><strong>Comitis,</strong></span> <span class='ocrx_word' id='word_1_171' title='bbox 1220 2779 1252 2831; x_wconf 89' lang='lat' dir='ltr'><strong>et</strong></span> <span class='ocrx_word' id='word_1_172' title='bbox 1267 2771 1401 2832; x_wconf 76' lang='lat' dir='ltr'><strong>babonis</strong></span> <span class='ocrx_word' id='word_1_173' title='bbox 1423 2775 1561 2836; x_wconf 82' lang='lat' dir='ltr'><strong>Comitis.</strong></span> 
     </span>
    </p>
   </div>
   <div class='ocr_carea' id='block_1_11' title="bbox 637 2905 1253 2995">
    <p class='ocr_par' dir='ltr' id='par_1_11' title="bbox 637 2905 1253 2995">
     <span class='ocr_line' id='line_1_21' title="bbox 637 2905 1253 2995; baseline -0.003 -19"><span class='ocrx_word' id='word_1_174' title='bbox 637 2913 694 2976; x_wconf 66' lang='lat' dir='ltr'><strong>Ex</strong></span> <span class='ocrx_word' id='word_1_175' title='bbox 712 2911 948 2991; x_wconf 74' lang='lat' dir='ltr'><strong>Ricinmaycri</strong></span> <span class='ocrx_word' id='word_1_176' title='bbox 965 2912 1111 2974; x_wconf 69' lang='lat' dir='ltr'><strong>lavavis</strong></span> <span class='ocrx_word' id='word_1_177' title='bbox 1127 2912 1173 2976; x_wconf 85' lang='lat' dir='ltr'><strong>II.</strong></span> <span class='ocrx_word' id='word_1_178' title='bbox 1205 2905 1253 2995; x_wconf 63' lang='lat'>8&#39;9.</span> 
     </span>
    </p>
   </div>
   <div class='ocr_carea' id='block_1_12' title="bbox 89 3026 1705 4110">
    <p class='ocr_par' dir='ltr' id='par_1_12' title="bbox 89 3026 1705 4110">
     <span class='ocr_line' id='line_1_22' title="bbox 192 3026 1702 3123; baseline 0.003 -16"><span class='ocrx_word' id='word_1_179' title='bbox 192 3041 196 3046; x_wconf 85' lang='grc'><em>“</em></span> <span class='ocrx_word' id='word_1_180' title='bbox 291 3029 341 3107; x_wconf 88' lang='lat' dir='ltr'><strong>In</strong></span> <span class='ocrx_word' id='word_1_181' title='bbox 370 3026 530 3107; x_wconf 86' lang='lat' dir='ltr'><strong>nomine</strong></span> <span class='ocrx_word' id='word_1_182' title='bbox 557 3041 709 3106; x_wconf 88' lang='lat' dir='ltr'><strong>sanctae</strong></span> <span class='ocrx_word' id='word_1_183' title='bbox 739 3041 779 3106; x_wconf 89' lang='lat' dir='ltr'><strong>et</strong></span> <span class='ocrx_word' id='word_1_184' title='bbox 802 3026 1022 3106; x_wconf 84' lang='lat' dir='ltr'><strong>individuae</strong></span> <span class='ocrx_word' id='word_1_185' title='bbox 1049 3027 1262 3120; x_wconf 85' lang='lat' dir='ltr'><strong>Trinitatis,</strong></span> <span class='ocrx_word' id='word_1_186' title='bbox 1293 3026 1543 3123; x_wconf 87' lang='lat' dir='ltr'><strong>Ludeuuicus</strong></span> <span class='ocrx_word' id='word_1_187' title='bbox 1572 3028 1702 3112; x_wconf 76' lang='lat' dir='ltr'><strong>divum</strong></span> 
     </span>
     <span class='ocr_line' id='line_1_23' title="bbox 142 3125 1703 3230; baseline 0.001 -22"><span class='ocrx_word' id='word_1_188' title='bbox 142 3131 151 3147; x_wconf 83' lang='grc'><strong>“</strong></span> <span class='ocrx_word' id='word_1_189' title='bbox 194 3133 345 3214; x_wconf 77' lang='lat' dir='ltr'><strong>favente</strong></span> <span class='ocrx_word' id='word_1_190' title='bbox 370 3128 488 3227; x_wconf 78' lang='lat' dir='ltr'><strong>gratia</strong></span> <span class='ocrx_word' id='word_1_191' title='bbox 512 3153 595 3204; x_wconf 87' lang='lat' dir='ltr'><strong>rex.</strong></span> <span class='ocrx_word' id='word_1_192' title='bbox 654 3127 694 3202; x_wconf 86' lang='lat' dir='ltr'><strong>Si</strong></span> <span class='ocrx_word' id='word_1_193' title='bbox 720 3126 970 3228; x_wconf 89' lang='lat' dir='ltr'><strong>petitionibus</strong></span> <span class='ocrx_word' id='word_1_194' title='bbox 997 3125 1167 3202; x_wconf 82' lang='lat' dir='ltr'><strong>fidelium</strong></span> <span class='ocrx_word' id='word_1_195' title='bbox 1188 3140 1404 3201; x_wconf 89' lang='lat' dir='ltr'><strong>nostrorum</strong></span> <span class='ocrx_word' id='word_1_196' title='bbox 1422 3129 1534 3228; x_wconf 21' lang='lat' dir='ltr'><strong>*iuste</strong></span> <span class='ocrx_word' id='word_1_197' title='bbox 1567 3142 1703 3230; x_wconf 89' lang='lat' dir='ltr'><strong>peten-</strong></span> 
     </span>
     <span class='ocr_line' id='line_1_24' title="bbox 194 3221 1703 3327; baseline -0.003 -21"><span class='ocrx_word' id='word_1_198' title='bbox 194 3231 444 3312; x_wconf 66' lang='lat' dir='ltr'><strong>tium‘aurem</strong></span> <span class='ocrx_word' id='word_1_199' title='bbox 460 3222 683 3303; x_wconf 75' lang='lat' dir='ltr'><strong>serenitatis</strong></span> <span class='ocrx_word' id='word_1_200' title='bbox 706 3239 857 3307; x_wconf 85' lang='lat' dir='ltr'><strong>nostrae</strong></span> <span class='ocrx_word' id='word_1_201' title='bbox 878 3221 1047 3303; x_wconf 88' lang='lat' dir='ltr'><strong>libenter</strong></span> <span class='ocrx_word' id='word_1_202' title='bbox 1067 3225 1365 3317; x_wconf 72' lang='lat' dir='ltr'><strong>accomodarum,</strong></span> <span class='ocrx_word' id='word_1_203' title='bbox 1392 3234 1432 3301; x_wconf 92' lang='lat' dir='ltr'><strong>et</strong></span> <span class='ocrx_word' id='word_1_204' title='bbox 1450 3225 1598 3326; x_wconf 87' lang='lat' dir='ltr'><strong>regium</strong></span> <span class='ocrx_word' id='word_1_205' title='bbox 1619 3253 1703 3327; x_wconf 82' lang='lat' dir='ltr'><strong>mo-</strong></span> 
     </span>
     <span class='ocr_line' id='line_1_25' title="bbox 192 3321 1702 3425; baseline -0.001 -19"><span class='ocrx_word' id='word_1_206' title='bbox 192 3353 276 3406; x_wconf 79' lang='lat' dir='ltr'><strong>sem</strong></span> <span class='ocrx_word' id='word_1_207' title='bbox 300 3349 532 3423; x_wconf 75' lang='lat' dir='ltr'><strong>exercemus,</strong></span> <span class='ocrx_word' id='word_1_208' title='bbox 559 3347 700 3424; x_wconf 85' lang='lat' dir='ltr'><strong>eosque</strong></span> <span class='ocrx_word' id='word_1_209' title='bbox 721 3325 856 3425; x_wconf 90' lang='lat' dir='ltr'><strong>procul</strong></span> <span class='ocrx_word' id='word_1_210' title='bbox 882 3321 1001 3398; x_wconf 90' lang='lat' dir='ltr'><strong>dubio</strong></span> <span class='ocrx_word' id='word_1_211' title='bbox 1020 3323 1236 3399; x_wconf 85' lang='lat' dir='ltr'><strong>devotiores</strong></span> <span class='ocrx_word' id='word_1_212' title='bbox 1260 3321 1302 3397; x_wconf 93' lang='lat' dir='ltr'><strong>in</strong></span> <span class='ocrx_word' id='word_1_213' title='bbox 1324 3321 1456 3400; x_wconf 85' lang='lat' dir='ltr'><strong>nostro</strong></span> <span class='ocrx_word' id='word_1_214' title='bbox 1474 3325 1702 3405; x_wconf 81' lang='lat' dir='ltr'><strong>habebimus</strong></span> 
     </span>
     <span class='ocr_line' id='line_1_26' title="bbox 89 3418 1702 3526; baseline -0.009 -22"><span class='ocrx_word' id='word_1_215' title='bbox 89 3505 94 3520; x_wconf 71' lang='grc'><strong>,</strong></span> <span class='ocrx_word' id='word_1_216' title='bbox 124 3436 126 3450; x_wconf 87' lang='grc'><em>“</em></span> <span class='ocrx_word' id='word_1_217' title='bbox 194 3423 392 3526; x_wconf 87' lang='lat' dir='ltr'><strong>obsequio.</strong></span> <span class='ocrx_word' id='word_1_218' title='bbox 443 3421 691 3524; x_wconf 82' lang='lat' dir='ltr'><strong>Quapropter</strong></span> <span class='ocrx_word' id='word_1_219' title='bbox 712 3421 919 3520; x_wconf 85' lang='lat' dir='ltr'><strong>comperiat</strong></span> <span class='ocrx_word' id='word_1_220' title='bbox 945 3420 1118 3496; x_wconf 90' lang='lat' dir='ltr'><strong>omnium</strong></span> <span class='ocrx_word' id='word_1_221' title='bbox 1144 3418 1315 3498; x_wconf 89' lang='lat' dir='ltr'><strong>fidelium</strong></span> <span class='ocrx_word' id='word_1_222' title='bbox 1335 3443 1569 3514; x_wconf 87' lang='lat' dir='ltr'><strong>nostrorum,</strong></span> <span class='ocrx_word' id='word_1_223' title='bbox 1595 3447 1702 3522; x_wconf 79' lang='lat' dir='ltr'><strong>prae.</strong></span> 
     </span>
     <span class='ocr_line' id='line_1_27' title="bbox 193 3517 1701 3618; baseline -0.002 -16"><span class='ocrx_word' id='word_1_224' title='bbox 193 3521 358 3613; x_wconf 78' lang='lat' dir='ltr'><strong>sentiunt</strong></span> <span class='ocrx_word' id='word_1_225' title='bbox 376 3517 556 3597; x_wconf 88' lang='lat' dir='ltr'><strong>videlicet</strong></span> <span class='ocrx_word' id='word_1_226' title='bbox 582 3537 619 3596; x_wconf 89' lang='lat' dir='ltr'><strong>et</strong></span> <span class='ocrx_word' id='word_1_227' title='bbox 641 3523 851 3595; x_wconf 73' lang='lat' dir='ltr'><strong>futurorum</strong></span> <span class='ocrx_word' id='word_1_228' title='bbox 870 3518 1069 3610; x_wconf 83' lang='lat' dir='ltr'><strong>industria,</strong></span> <span class='ocrx_word' id='word_1_229' title='bbox 1095 3517 1183 3618; x_wconf 86' lang='lat' dir='ltr'><strong>quia</strong></span> <span class='ocrx_word' id='word_1_230' title='bbox 1202 3544 1272 3594; x_wconf 91' lang='lat' dir='ltr'><strong>nos</strong></span> <span class='ocrx_word' id='word_1_231' title='bbox 1293 3518 1584 3618; x_wconf 87' lang='lat' dir='ltr'><strong>deprecantibus</strong></span> <span class='ocrx_word' id='word_1_232' title='bbox 1605 3517 1701 3600; x_wconf 83' lang='lat' dir='ltr'><strong>fide-</strong></span> 
     </span>
     <span class='ocr_line' id='line_1_28' title="bbox 192 3613 1701 3715; baseline -0.002 -16"><span class='ocrx_word' id='word_1_233' title='bbox 192 3621 293 3699; x_wconf 92' lang='lat' dir='ltr'><strong>libus</strong></span> <span class='ocrx_word' id='word_1_234' title='bbox 328 3619 466 3695; x_wconf 88' lang='lat' dir='ltr'><strong>nostris</strong></span> <span class='ocrx_word' id='word_1_235' title='bbox 498 3617 723 3694; x_wconf 80' lang='lat' dir='ltr'><strong>Baturico</strong></span> <span class='ocrx_word' id='word_1_236' title='bbox 755 3613 963 3692; x_wconf 83' lang='lat' dir='ltr'><strong>venerabili</strong></span> <span class='ocrx_word' id='word_1_237' title='bbox 994 3615 1099 3715; x_wconf 85' lang='lat' dir='ltr'><strong>Epo,</strong></span> <span class='ocrx_word' id='word_1_238' title='bbox 1144 3615 1454 3692; x_wconf 87' lang='lat' dir='ltr'><strong>Werinhario</strong></span> <span class='ocrx_word' id='word_1_239' title='bbox 1493 3614 1701 3714; x_wconf 87' lang='lat' dir='ltr'><strong>Comite,</strong></span> 
     </span>
     <span class='ocr_line' id='line_1_29' title="bbox 190 3711 1705 3816; baseline -0.005 -21"><span class='ocrx_word' id='word_1_240' title='bbox 190 3717 385 3796; x_wconf 84' lang='lat' dir='ltr'><strong>Babone</strong></span> <span class='ocrx_word' id='word_1_241' title='bbox 412 3715 619 3806; x_wconf 87' lang='lat' dir='ltr'><strong>Comite,</strong></span> <span class='ocrx_word' id='word_1_242' title='bbox 656 3729 701 3790; x_wconf 93' lang='lat' dir='ltr'><strong>ut</strong></span> <span class='ocrx_word' id='word_1_243' title='bbox 729 3715 870 3816; x_wconf 87' lang='lat' dir='ltr'><strong>aliquas</strong></span> <span class='ocrx_word' id='word_1_244' title='bbox 892 3738 952 3789; x_wconf 89' lang='lat' dir='ltr'><strong>res</strong></span> <span class='ocrx_word' id='word_1_245' title='bbox 983 3713 1224 3814; x_wconf 89' lang='lat' dir='ltr'><strong>proprietatis</strong></span> <span class='ocrx_word' id='word_1_246' title='bbox 1250 3719 1398 3788; x_wconf 80' lang='lat' dir='ltr'><strong>nostrae</strong></span> <span class='ocrx_word' id='word_1_247' title='bbox 1423 3711 1574 3806; x_wconf 86' lang='lat' dir='ltr'><strong>cuidam</strong></span> <span class='ocrx_word' id='word_1_248' title='bbox 1595 3741 1705 3816; x_wconf 56' lang='lat' dir='ltr'><strong>pres,</strong></span> 
     </span>
     <span class='ocr_line' id='line_1_30' title="bbox 190 3809 1700 3926; baseline -0.001 -33"><span class='ocrx_word' id='word_1_249' title='bbox 190 3816 329 3920; x_wconf 86' lang='lat' dir='ltr'><strong>hytero</strong></span> <span class='ocrx_word' id='word_1_250' title='bbox 367 3825 525 3890; x_wconf 84' lang='lat' dir='ltr'><strong>nomine</strong></span> <span class='ocrx_word' id='word_1_251' title='bbox 553 3811 760 3888; x_wconf 88' lang='lat' dir='ltr'><strong>Dominico</strong></span> <span class='ocrx_word' id='word_1_252' title='bbox 798 3814 846 3886; x_wconf 89' lang='lat' dir='ltr'><strong>ad</strong></span> <span class='ocrx_word' id='word_1_253' title='bbox 888 3810 1087 3926; x_wconf 88' lang='lat' dir='ltr'><strong>proprium</strong></span> <span class='ocrx_word' id='word_1_254' title='bbox 1132 3809 1700 3909; x_wconf 86' lang='lat' dir='ltr'><strong>concedere&#39;disposuisscmus.</strong></span> 
     </span>
     <span class='ocr_line' id='line_1_31' title="bbox 193 3903 1700 4024; baseline -0.002 -34"><span class='ocrx_word' id='word_1_255' title='bbox 193 3913 311 4010; x_wconf 88' lang='lat' dir='ltr'><strong>Quod</strong></span> <span class='ocrx_word' id='word_1_256' title='bbox 332 3910 384 3986; x_wconf 75' lang='lat' dir='ltr'><strong>tta&#39;</strong></span> <span class='ocrx_word' id='word_1_257' title='bbox 415 3923 453 3986; x_wconf 84' lang='lat' dir='ltr'><strong>et</strong></span> <span class='ocrx_word' id='word_1_258' title='bbox 474 3909 632 3985; x_wconf 89' lang='lat' dir='ltr'><strong>lecimus</strong></span> <span class='ocrx_word' id='word_1_259' title='bbox 653 3909 693 3982; x_wconf 92' lang='lat' dir='ltr'><strong>in</strong></span> <span class='ocrx_word' id='word_1_260' title='bbox 716 3911 816 4002; x_wconf 86' lang='lat' dir='ltr'><strong>loco,</strong></span> <span class='ocrx_word' id='word_1_261' title='bbox 849 3921 912 4024; x_wconf 78' lang='lat' dir='ltr'><strong>qui</strong></span> <span class='ocrx_word' id='word_1_262' title='bbox 936 3909 1154 4012; x_wconf 72' lang='lat' dir='ltr'><strong>dreiturad</strong></span> <span class='ocrx_word' id='word_1_263' title='bbox 1176 3903 1465 3999; x_wconf 89' lang='lat' dir='ltr'><strong>Brunnaron,</strong></span> <span class='ocrx_word' id='word_1_264' title='bbox 1499 3913 1603 4008; x_wconf 86' lang='lat' dir='ltr'><strong>quod</strong></span> <span class='ocrx_word' id='word_1_265' title='bbox 1628 3910 1700 3988; x_wconf 90' lang='lat' dir='ltr'><strong>cir·</strong></span> 
     </span>
     <span class='ocr_line' id='line_1_32' title="bbox 192 4005 1700 4110; baseline 0.001 -20"><span class='ocrx_word' id='word_1_266' title='bbox 192 4035 283 4090; x_wconf 85' lang='lat' dir='ltr'><strong>curn</strong></span> <span class='ocrx_word' id='word_1_267' title='bbox 302 4009 473 4110; x_wconf 86' lang='lat' dir='ltr'><strong>capiebat</strong></span> <span class='ocrx_word' id='word_1_268' title='bbox 489 4009 656 4108; x_wconf 85' lang='lat' dir='ltr'><strong>Ratpero</strong></span> <span class='ocrx_word' id='word_1_269' title='bbox 678 4006 836 4086; x_wconf 89' lang='lat' dir='ltr'><strong>clericus</strong></span> <span class='ocrx_word' id='word_1_270' title='bbox 855 4020 959 4092; x_wconf 73' lang='lat' dir='ltr'><strong>iuxta</strong></span> <span class='ocrx_word' id='word_1_271' title='bbox 978 4006 1155 4105; x_wconf 76' lang='lat' dir='ltr'><strong>rivulum,</strong></span> <span class='ocrx_word' id='word_1_272' title='bbox 1180 4005 1248 4108; x_wconf 86' lang='lat' dir='ltr'><strong>qui</strong></span> <span class='ocrx_word' id='word_1_273' title='bbox 1266 4017 1428 4086; x_wconf 82' lang='lat' dir='ltr'><strong>vocatur</strong></span> <span class='ocrx_word' id='word_1_274' title='bbox 1445 4005 1628 4104; x_wconf 76' lang='lat' dir='ltr'><strong>sevire,</strong></span> <span class='ocrx_word' id='word_1_275' title='bbox 1652 4009 1700 4091; x_wconf 82' lang='lat' dir='ltr'><strong>in</strong></span> 
     </span>
    </p>
   </div>
   <div class='ocr_carea' id='block_1_13' title="bbox 188 4155 387 4181">
    <p class='ocr_par' dir='ltr' id='par_1_13' title="bbox 188 4155 387 4181">
     <span class='ocr_line' id='line_1_33' title="bbox 188 4155 387 4181; baseline -0.005 -4"><span class='ocrx_word' id='word_1_276' title='bbox 188 4155 387 4181; x_wconf 52' lang='lat' dir='ltr'><strong>buu—nn·-</strong></span> 
     </span>
    </p>
   </div>
   <div class='ocr_carea' id='block_1_14' title="bbox 228 4224 825 4336">
    <p class='ocr_par' dir='ltr' id='par_1_14' title="bbox 228 4224 825 4336">
     <span class='ocr_line' id='line_1_34' title="bbox 228 4224 825 4336; baseline 0 -38"><span class='ocrx_word' id='word_1_277' title='bbox 228 4229 270 4315; x_wconf 51' lang='grc' dir='ltr'><strong>ἲ)</strong></span> <span class='ocrx_word' id='word_1_278' title='bbox 290 4235 438 4328; x_wconf 76' lang='lat' dir='ltr'><strong>Diplorns</strong></span> <span class='ocrx_word' id='word_1_279' title='bbox 458 4236 644 4336; x_wconf 79' lang='lat' dir='ltr'><strong>nitidissime</strong></span> <span class='ocrx_word' id='word_1_280' title='bbox 662 4224 825 4316; x_wconf 67' lang='lat' dir='ltr'><strong>scriptum·</strong></span> 
     </span>
    </p>
   </div>
   <div class='ocr_carea' id='block_1_15' title="bbox 0 0 1812 4850">
    <p class='ocr_par' dir='ltr' id='par_1_15' title="bbox 0 0 1812 4850">
     <span class='ocr_line' id='line_1_35' title="bbox 0 0 1812 4850; baseline 0 3"><span class='ocrx_word' id='word_1_281' title='bbox 0 0 1812 4850; x_wconf 95' lang='lat' dir='ltr'><strong> </strong></span> 
     </span>
    </p>
   </div>
  </div>
 </body>
</html>
