3616 4850
644 359 648 368 ,
747 242 1095 372 '‘OM“

186 467 270 555 him
291 445 529 641 imperialem
546 461 706 550 morisim
727 461 919 542 decenter¹
931 459 1144 561 implemus,
1168 461 1305 540 verino
1326 461 1438 538 etiam
1460 433 1504 539 et¹
1521 479 1703 546 aeternae

96 567 124 588 ’
184 563 334 644 beatitu
364 557 671 662 ini-spraemium
700 589 771 638 nos
801 558 1011 658 promereri
1041 559 1131 638 inde
1158 561 1316 660 liquido·
1336 559 1534 636 credimus.
1589 558 1705 666 Qut·

69 721 72 737 .
187 674 346 774 propter
364 675 502 751 notum
524 672 572 772 sit
597 659 773 736 omnibus
797 657 974 774 fidelibus
994 658 1238 770 sanctaevDei
1257 656 1450 756 Ecclesiae
1476 658 1703 772 nostrisque,

54 813 57 819 ·
107 799 110 808 λ
175 759 331 836 -scilrcet
353 757 631 860 praesentrbus,
659 772 697 833 et
717 756 1250 870 iuturrs,·quoniam·qurdam
1268 767 1326 830 vir
1341 755 1577 832 venerabrlrs
1587 772 1625 831 et
1646 783 1706 835 re·

27 865 31 876 “
62 947 66 956 ,
172 859 336 961 'ligiosus
364 855 742 960 Chor-Episcopus,
781 877 940 932 nomme
965 855 1175 947 Hunrrcus,
1207 851 1361 952 tradidit
1387 878 1446 928 res
1474 854 1521 926 ad
1547 853 1583 926 S.
1611 857 1705 930 Em.

156 973 394 1042 ·meramum
416 965 619 1068 martyrem
642 953 782 1028 Christi
798 977 886 1028 cunr
906 977 1022 1024 manu
1038 953 1209 1036 advocati
1224 950 1282 1026 sui
1299 949 1482 1041 Oinandi,
1501 977 1589 1026 curn
1612 981 1703 1051 con-

180 1077 296 1130 sensu
325 1065 364 1127 'et
398 1051 555 1127 consilro
580 1051 851 1126 Ambrichonis
875 1048 1103 1142 venerabilis
1121 1046 1325 1148 Episcopi,
1358 1061 1398 1125 et
1428 1049 1703 1130 advocatorum
1778 1103 1784 1116 ,

61 1153 69 1224 3
177 1147 276 1252 ejus,
298 1145 335 1224 et
354 1149 428 1224 hoc
444 1164 516 1240 est,
537 1151 646 1252 quod
668 1147 756 1224 illuc
775 1146 950 1242 tradidit:
975 1149 1022 1220 ad
1042 1147 1417 1221 Scammahocum
1441 1145 1594 1222 basilica
1611 1176 1701 1227 curn
1756 1181 1765 1195 ·

59 1337 63 1348 Ι
183 1245 341 1323 caeteris
361 1245 561 1338 aedificiis,
587 1245 783 1346 mancipiis
806 1243 1004 1346 utriusque
1032 1270 1159 1336 sexus,
1186 1255 1291 1319 terris
1313 1244 1438 1332 cultis,
1472 1257 1510 1320 et
1536 1246 1701 1342 incultis,

78 1345 83 1366 '
125 1424 131 1438 x
180 1354 313 1456 prelis,
351 1343 513 1446 pascuiS,
546 1349 662 1436 silvis,
684 1357 736 1420 et
769 1344 859 1420 curn
887 1341 1065 1416 omnibus
1092 1340 1333 1442 pertinentiis
1363 1341 1469 1427 suis,
1517 1339 1702 1422 Similiter

66 1469 94 1502 ¹·
177 1457 299 1516 'ettam
321 1440 471 1515 tradidit
493 1438 541 1517 a'd
567 1440 879 1530 Lhtzilindori,
906 1438 1094 1540 quidquid
1114 1439 1166 1514 ibi
1185 1440 1328 1530 habere
1350 1439 1449 1513 visus
1471 1455 1539 1530 est,
1566 1440 1603 1515 id
1627 1457 1701 1537 est,

120 1569 123 1574 ·
175 1551 260 1614 tarn
281 1541 471 1633 domibus,
489 1543 602 1640 quam
622 1539 780 1614 caeteris
793 1527 994 1632 aediliciis,
1020 1536 1227 1636 mancipiis,
1252 1547 1359 1612 terris
1382 1541 1499 1629 cultis,
1523 1551 1561 1613 et
1579 1545 1699 1620 incul-

31 1627 36 1648 ’
133 1699 137 1713 ,
174 1641 243 1730 us,
278 1639 639 1714 'et''cum''omnib'us
666 1635 943 1733 integritatibus
971 1646 1055 1707 suis.
1113 1635 1281 1711 Econtra
1302 1624 1397 1710 verd
1424 1635 1610 1735 praelatus
1636 1629 1699 1716 ve·¹
1743 1653 1750 1660 “

176 1733 598 1838 'ncrabilis‘Episcopus
627 1731 800 1807 manibus
827 1734 1097 1808 advocatorum
1130 1759 1282 1807 suorum
1313 1739 1695 1812 unacumconsensu

49 1837 55 1848 ‘
111 1820 114 1850 ³
175 1819 295 1908 tonus
322 1835 411 1908 cleri
442 1827 512 1908 sibi
540 1825 702 1934 subjecti
732 1831 883 1926 tradidit
913 1837 1016 1904 ei‘in
1043 1841 1316 1930 proprietatem
1345 1831 1606 1928 possidendam
1632 1852 1695 1908 us·
1804 1917 1805 1920 Ἴ

79 2020 85 2028 Ι
179 1947 256 2029 que
285 1928 477 2005 adfinem
500 1940 599 2005 vitae
632 1941 721 2003 suae
752 1929 937 2026 quaedam
965 1930 1050 2001 loca
1085 1929 1121 2002 S.
1147 1927 1380 2004 Emme'rami
1412 1929 1451 2002 id
1485 1947 1561 2004 est:
1602 1925 1698 2006 Alt-
1802 1969 1805 1976 ·

177 2025 322 2120 heim,
356 2041 394 2102 et
424 2025 652 2117 Runhart,
690 2039 730 2100 et
757 2027 991 2101 P'erc'husa
1025 2052 1111 2097 cum
1143 2025 1320 2099 omnibus
1355 2021 1698 2127 adjacentiis'suis,
1728 2108 1736 2118 ,

58 2153 60 2161 ·
176 2125 313 2214 idest,
339 2136 417 2198 tarn
437 2123 636 2216 Ecclesiis,
661 2125 775 2230 quim
803 2133 959 2196 caeteris
984 2121 1181 2217 aedificiis,
1215 2131 1429 2221 mancipiis,
1456 2133 1562 2222 terris
1585 2129 1700 2203 c'ultis

59 2231 64 2242 ‘
179 2233 219 2296 et
235 2223 397 2314 incultis,

408 2233 537 2394 pratis,
553 2231 705 2321 pascuis,
725 2226 834 2312 silvis,
848 2219 965 2319 aquis,
981 2219 1456 2320 aquarumvedecursibtrs',
1472 2221 1701 2327 mobilibus,
1732 2280 1738 2296 .

104 2401 110 2410 ,
178 2330 219 2394 et
235 2319 406 2396 inmobili
438 2346 488 2408 us,
510 2344 576 2395 seu
598 2321 783 2418 quidquid
801 2319 962 2415 adhaec
981 2329 1089 2408 iuste,
1120 2331 1159 2393 et
1179 2322 1352 2414 legaliter
1372 2331 1566 2418 pertinere
1593 2324 1700 2412 vide·

49 2415 61 2444 s
175 2409 301 2490 batur.
337 2416 340 2422 ’
375 2417 451 2510 Sed
475 2417 525 2492 ob
553 2413 738 2492 firmitatis
767 2412 921 2512 gratiam
944 2416 1047 2494 idern
1074 2413 1314 2490 Hunricus
1338 2420 1543 2512 ¹religiosus
1570 2415 1696 2494 Chor-

176 2511 390 2613 Episcopus
408 2529 573 2588 nostram
593 2519 818 2614 deprecatus
839 2531 894 2588 est
918 2515 1209 2604 celsitudinem„
1226 2529 1270 2587 ut
1295 2531 1542 2686 praeceptum
1557 2513 1697 2612 libera·

56 2653 75 2666 -
175 2609 290 2686 litatis
315 2625 465 2686 nostrae
496 2639 611 2711 super
632 2614 962 2700 hocadderemus.
1023 2609 1101 2684 No's
1123 2625 1250 2689 autern
1273 2614 1299 2685 li
1329 2617 1518 2687 entissime
1543 2624 1696 2710 petitio·

47 2789 54 2802 ,
124 2714 138 2767 ‘¹
175 2708 288 2784 nibus
310 2711 409 2783 illius
428 2709 694 2784 satistacientes
715 2705 1053 2812 jubemus,atque
1080 2710 1334 2801 decernimus,
1366 2723 1410 2784 ut
1432 2712 1481 2785 ab
1504 2709 1694 2786 hodierno

177 2805 238 2880 die
254 2817 295 2880 et
315 2807 493 2907 deinceps
513 2817 638 2881 omnia
659 2809 849 2880 iamdicta
869 2809 956 2898 loce
974 2829 1096 2904 usque
1113 2806 1160 2879 ad
1174 2799 1304 2881 ssfinem
1316 2817 1416 2885 vitae
1431 2807 1519 2885 suae
1541 2809 1695 2904 habeat,
1721 2808 1732 2824 ’

175 2913 306 2978 teneat
325 2917 441 3002 atque
459 2906 657 3002 possideat,
677 2927 726 2978 eo
743 2917 1018 2995 ettamtenore,
1039 2917 1080 2976 ut
1097 2919 1182 3004 post
1204 2906 1359 3002 obitum¹
1372 2919 1482 2980 suum
1503 2907 1693 3003 praelatae

95 3039 99 3046 ·
173 3025 235 3086 rea
255 3012 295 3076 in
316 3003 493 3078 omnibus
513 3001 635 3077 salvae
657 3003 708 3076 ad
728 3001 764 3075 S.
786 3003 1071 3088 Emmerarnurn
1092 3023 1349 3092 revertantur,
1389 3005 1496 3078 nullo
1522 3025 1693 3102 unquam

82 3101 86 3108 ’
173 3097 274 3174 hanc
303 3099 609 3176 convenientiam
634 3098 892 3200 irrumpente,
917 3101 980 3172 vel
1000 3099 1260 3200 inquietante,
1285 3101 1352 3174 sed
1375 3098 1463 3174 Deo
1486 3101 1693 3181 auxiliante

127 3211 134 3224 ”
174 3208 365 3306 perpetuis
384 3198 615 3298 temporibus
635 3195 743 3272 firma
759 3213 796 3272 et
811 3196 1039 3272 inviolabilis
1056 3213 1287 3298 permaneat.
1324 3199 1376 3274 Et
1394 3212 1438 3270 ut
1453 3199 1547 3275 haec
1562 3221 1693 3274 aucto-

38 3323 54 3351 ι
173 3311 262 3368 nias
282 3307 556 3398 praeceptionis
574 3310 725 3370 nostrae
746 3293 891 3370 firmior
911 3293 1108 3387 habeatur,
1136 3317 1172 3370 et
1197 3319 1267 3394 per
1289 3295 1410 3370 lutura
1434 3309 1605 3396 tempora
1628 3322 1694 3372 ve-
1732 3337 1755 3392 χ

95 3447 103 3474 ,
173 3391 251 3465 nris
278 3392 468 3483 credatur,
499 3419 544 3467 ac
565 3389 782 3489 diligentihs
804 3393 1065 3484 conservetur,
1097 3420 1217 3472 manu
1239 3393 1389 3492 propria
1410 3408 1537 3468 nostra
1557 3395 1692 3470 subter
1803 3473 1804 3476 ,

175 3484 492 3582 confirmavimus,
520 3501 559 3566 et
577 3489 708 3564 annuli
729 3489 848 3566 nostri
869 3489 1118 3590 impressione
1141 3491 1291 3588 sigillari
1311 3491 1498 3566 iussimus
1608 3484 1613 3494 ’
1778 3487 1788 3500 ’

276 3625 294 3636 “’
324 3616 496 3716 Signum
515 3612 658 3692 domni
671 3619 815 3692 Karoli
832 3620 1085 3694 serenissimi
1098 3587 1687 3723 Augustiiffilonogramma.)
1721 3599 1735 3616 κ
1783 3711 1794 3722 Β

258 3747 405 3829 Uualto
428 3749 605 3822 Notarius
621 3751 669 3830 ad
687 3751 813 3827 uicem
830 3753 1053 3828 Luituuardi
1071 3749 1213 3828 Archi·
1225 3748 1452 3826 Cancellarii
1469 3760 1685 3846 recognovi.

270 3872 370 3946 Data
387 3867 535 3948 vitai·
556 3868 677 3972 April.
702 3873 817 3960 Anno
832 3875 1104 3952 Incarnationis
1122 3872 1281 3946 Domini
1301 3861 1688 3950 D.CCC.Lxxxtit.
1759 3923 1765 3939 ι

168 3967 303 4045 indict.
325 3971 354 4042 l
393 3968 511 4046 Anno
533 3969 626 4044 verb
659 3979 805 4066 imperit
827 3985 978 4070 piissimi
1006 3976 1241 4074 imperatoris
1265 3971 1485 4072 KaralifillL
1541 3971 1709 4074 Actutn⁸
1751 4061 1775 4084 N

171 4066 447 4166 Regenesburg
467 4063 509 4144 in
528 4065 606 4144 Dei
630 4066 788 4146 nomine
812 4069 978 4174 feliciter
997 4070 1136 4167 Amen.

671 4267 674 4274 ἢ
745 4179 901 4280 Sigillum
923 4177 1156 4282 §bfimiffmg
1173 4256 1201 4274 ..
1236 4243 1248 4265 ‚¹
