3616 4850
759 245 1056 400 unaing-m

549 445 555 494 ²
585 445 735 574 fisum:
759 475 1022 590 Latinam
1044 475 1080 582 a
1105 471 1203 580 aas·
1224 447 1241 492 ³
1275 503 1334 550 „a
1361 471 1385 600 -ξ
1475 417 1495 432 ’

120 713 126 718 .
155 623 383 726 lisrlomsonua
410 673 466 718 rex
493 637 664 715 confirmat
685 655 839 732 quandam
869 652 1178 728 complacitationem
1207 651 1292 756 inter
1317 617 1687 760 ilittooern‘hbbutem

148 767 150 775 '
464 761 735 850 Lunaelaccnseua,
754 768 786 820 et
808 761 974 820 Monachos
995 758 1135 833 ejusdem
1157 759 1351 820 Maussterii.

652 983 715 1001 ..
753 975 769 1010 ι,
792 903 854 966 Per
874 901 904 991 ¹l.
928 925 954 964 c.
976 903 1023 998 ²⁶⁸,
1179 989 1183 1006 1
1280 868 1294 900 f

68 1039 78 1055 f
158 1071 172 1118 '²
252 1075 302 1150 In
328 1066 496 1150 Nomine
515 1074 665 1145 sanctae
692 1076 732 1143 et
758 1065 979 1144 individuae
997 1063 1207 1160 Trmitatis,
1231 1050 1509 1146 Karlomannus
1535 1057 1664 1148 divina

49 1249 52 1254 .
117 1173 307 1274 ,favente
332 1171 570 1270 gratiaram
613 1166 653 1240 Si
689 1164 792 1242 enirn
820 1166 1028 1240 fructuosas
1055 1164 1406 1266 complacitationem
1437 1169 1548 1243 circa·
1567 1194 1664 1247 casas

61 1346 64 1360 ‚
153 1273 234 1350 Dei
257 1269 343 1347 fieri
370 1265 638 1355 consentimus,
662 1291 744 1340 non
767 1267 890 1338 'solum
913 1265 1174 1362 temporaliter
1191 1264 1303 1341 nobis
1322 1270 1564 1364 prolaturum
1583 1281 1665 1346 es'se
1717 1293 1720 1298 ’

9 1365 61 1400 ’“
156 1369 357 1457 credimus,
381 1365 516 1440 veriam
540 1361 655 1439 etiam
680 1365 727 1436 ad
745 1381 939 1436 aeternam
959 1363 1076 1436 vitam
1096 1359 1259 1456 feliciter
1278 1363 1575 1460 perveniendam
1594 1393 1664 1440 no·
1746 1375 1750 1384 '

154 1465 219 1545 bis·
238 1465 547 1580 perfructuosum
580 1457 660 1536 esse
687 1458 836 1562 liquido
869 1485 950 1534 non
979 1458 1209 1562 dubitamus.
1269 1459 1419 1537 ldcirco
1447 1479 1587 1536 notum
1606 1461 1671 1542 sit·

48 1642 52 1648 ,
155 1561 333 1642 omnibus
359 1559 507 1636 sanctae
528 1557 606 1634 De‘i
627 1555 825 1632 'Ecclesiae
850 1555 1079 1658 nostrisque,
1107 1555 1254 1632 scilicet
1270 1559 1529 1658 praesentibus
1549 1573 1589 1636 ct
1608 1571 1664 1636 tu-

155 1657 262 1756 turis,¹
293 1653 653 1760 quoniamquidem
677 1652 914 1750 venerabilis*
931 1679 976 1729 ac
998 1653 1166 1730 dilectus
1189 1653 1318 1729 Abbss
1342 1663 1482 1747 noster,
1507 1670 1664 1756 nomina

36 1793 39 1801 ·
63 1773 64 1776 ’
154 1755 269 1834 Hittb
293 1757 405 1858 petiit
429 1749 581 1830 culme'rt
602 1749 813 1828 serenitatis
833 1743 997 1843 nostrat,
1022 1766 1067 1828 ut
1088 1752 1159 1826 sibi
1177 1751 1326 1846 liceret,
1346 1753 1669 1856 ‘quandamcdmff

83 1857 85 1860 ’
154 1856 444 1962 placitationem
473 1873 585 1948 agere
613 1875 708 1925 ‘curn
729 1850 947 1935 ,Monachis
964 1849 1006 1924 in
1032 1849 1250 1952 Caenobiu
1268 1847 1671 1952 ‘quod'Ma'n'ins'eo

154 1954 305 2044 dicitur,
338 1947 645 2038 consistentibus,
680 1949 786 2048 quod
814 1961 930 2022 etiam
961 1944 1221 2023 'constructum
1247 1974 1327 2024 esse
1351 1945 1505 2026 videtur
1519 1959 1569 2025 in
1590 1943 1670 2027 'hoss

154 2051 317 2144 morel&
340 2045 538 2123 Micha'elis
556 2044 787 2144 Archangeli
805 2043 966 2120 Domini
984 2045 1106 2120 nostri
1128 2047 1218 2121 Jesu
1233 2045 1384 2121 Christi.
1434 2044 1514 2122 Nos
1534 2063 1668 2126 autem
1775 2059 1780 2074 ’

96 2176 99 2182 ·
133 2179 138 2188 ·
185 2145 406 2223 etltionibus
444 2143 609 2219 libenter
639 2143 743 2240 illius
780 2169 912 2238 aurem
947 2143 1281 2218 accommodantes
1289 2198 1321 2238 ,.
1343 2144 1593 2244 permisimus.
1614 2139 1673 2222 ita
1717 2223 1719 2228 ,

155 2174 253 2336 heri,
277 2245 375 2320 simu
399 2241 555 2339 rogavit.
611 2241 663 2316 Et
679 2239 769 2327 ide'o
789 2231 978 2343 praelatus
997 2241 1128 2315 Abbas
1152 2251 1244 2317 cum'
1263 2233 1590 2345 manuiddto'cati·
1607 2239 1675 2322 sui

156 2343 314 2440 tradirbt
340 2343 388 2416 ad
420 2345 546 2441 supra‘
564 2338 712 2416 dictum
735 2339 1014 2415 Monosterium
1029 2337 1321 2450 ‚proprietatem
1356 2344 1472 2436 suam,
1513 2346 1676 2444 qualem·

156 2443 258 2530 visus
287 2453 347 2515 est
374 2439 514 2536 habere
544 2434 585 2512 in
616 2437 984 2537 locc,'qui.dicitur
1005 2437 1257 2514 Sulzrbach
1283 2465 1373 2515 cum
1397 2439 1594 2540 mancipiis
1615 2439 1675 2520 V:
1703 2494 1708 2507 ,

53 2577 56 2586 ·
157 2563 247 2616 cum
269 2537 455 2638 domibus,
475 2535 707 2636 'etcaeteris
734 2527 928 2627 aedificiis,
956 2547 1055 2612 'cum
1075 2533 1196 2626 terris,
1229 2537 1336 2634 agris,
1368 2533 1495 2638 pratis,
1520 2533 1602 2631 viis,
1629 2535 1681 2617 et’·

68 2683 71 2688 ·
120 2629 124 2640 ’
157 2638 278 2728 inviis,
304 2634 461 2735 pascum,
486 2633 596 2726 silvis,
622 2632 739 2732 aquis,
769 2629 1029 2806 ,aquarbmgue
1053 2633 1282 2726 decursibus,
1315 2656 1354 2711 et
1380 2659 1466 2709 cum
1491 2627 1674 2713 ominibus

158 2731 445 2830 integritatibus
461 2743 555 2810 suis.
595 2732 766 2806 Econtra
785 2730 877 2807 verb
899 2743 956 2806 tra
985 2731 1054 2806 idit
1077 2731 1281 2807 advocatus
1307 2733 1346 2806 S.
1367 2733 1576 2832 Michaelis,
1602 2763 1671 2811 no·
1780 2783 1789 2794 ·

134 2832 264 2909 “mine
293 2835 382 2923 Atb,
416 2849 626 2906 memorato
652 2828 795 2903 Abbati
826 2831 915 2904 cum
940 2839 1127 2904 consensu
1153 2844 1192 2904 et
1221 2829 1387 2908 licentia·
1404 2831 1577 2932 omnium
1598 2835 1670 2908 lra-

160 2945 262 3019 trum
284 2927 334 3004 ih'.
353 2930 490 3008 eodem
513 2926 705 3026 coenobio
732 2925 1030 3018 consistentium,
1063 2924 1191 3002 omnia
1210 2925 1415 3020 beneficia,'
1438 2955 1535 3030 quae
1556 2931 1671 3007 Perh-

91 3041 96 3048 '
159 3021 337 3103 inanimus
362 3023 571 3134 presbyter*
590 3038 679 3098 cum
707 3045 771 3097 sua
803 3023 1036 3128 proprietate
1066 3025 1367 3126 complacitavit,
1399 3039 1443 3101 ut
1475 3028 1595 3130 osque
1622 3026 1673 3104 ad
1712 3067 1717 3074 ·
1762 3045 1770 3052 “

162 3123 278 3202 finem
308 3109 728 3214 vitae‘suaehaberet3
753 3123 886 3199 idest:
920 3123 969 3199 ad
994 3116 1261 3219 Keklugdn,
1295 3119 1408 3198 etad
1431 3124 1604 3218 Erlala',
1630 3139 1683 3202 ct*
1777 3139 1805 3214 ,ῤ

106 3245 112 3256 ·
164 3223 421 3319 Chauinga‚
448 3242 487 3298 et
511 3220 774 3316 Osteringa,
801 3222 1082 3298 cumomnibus
1098 3224 1191 3298 locis¹
1214 3222 1307 3296 illuc
1326 3221 1603 3323 aspicientibus,
1629 3237 1677 3302 et·

119 3386 125 3392 .
164 3347 255 3401 cum
279 3321 457 3399 omnibus
481 3318 757 3414 integritatibus
782 3333 877 3406 suisa
908 3321 949 3396 id
973 3335 1045 3396 esta
1070 3343 1159 3396 cum
1170 3319 1377 3422 mancipiis
1399 3323 1596 3421 utriusque
1616 3347 1672 3399 se·
1755 3349 1760 3358 ·

164 3445 246 3512 xus,
257 3447 344 3497 cum
359 3416 543 3514 domibus,
558 3431 599 3493 et
611 3415 768 3493 caeteris
782 3416 975 3511 aedificiis,
992 3443 1078 3493 cum
1092 3414 1200 3494 terris
1212 3417 1322 3495 cultis
1339 3434 1378 3496 et
1391 3419 1552 3510 incultis,
1564 3419 1671 3516 agris,

93 3562 95 3566 ·
164 3519 289 3618 p'ratis,
305 3515 452 3618 pascuis
461 3514 571 3604 siris,
582 3521 730 3614 aquisjtt
755 3519 940 3602 uarbmte
955 3513 1193 3608 decursibus3
1213 3522 1341 3594 mania
1352 3517 1444 3594 γετὸ
1458 3518 1552 3593 haec
1566 3545 1673 3618 prae·
1690 3579 1696 3582 -

146 3616 289 3716 dictus
306 3616 522 3690 advocatus
538 3608 689 3700 Hittoni
706 3545 850 3704 Airbati
867 3612 1032 3704 tradidit,
1050 3639 1091 3692 ea
1105 3614 1271 3708 ratione,
1280 3628 1324 3690 ut
1335 3634 1419 3714 post
1431 3615 1583 3692 obitum
1595 3642 1673 3694 me-

143 3720 149 3733 '
165 3709 304 3794 morati
320 3706 533 3818 Presbyteri
550 3739 671 3814 usque
687 3709 866 3806 adfinem
878 3717 978 3790 vitae
992 3740 1079 3817 suae
1094 3719 1134 3790 in
1149 3711 1419 3821 proprietatem
1433 3693 1609 3814 haberet,
1620 3735 1675 3790 at·

165 3813 241 3914 ip'ue
260 3807 479 3916 possideret,
507 3825 646 3914 etpost
665 3812 865 3890 discessum
884 3805 962 3888 e'us
979 3811 1105 3912 omnia
1122 3837 1210 3913 cum
1228 3807 1448 3909 integritate
1467 3809 1518 3902 a'd
1534 3813 1675 3917 praesa·

166 3915 246 3985 tu‘m'
267 3911 496 3988 coenobium
514 3914 828 3989 converterentur
841 3935 903 3986 me
921 3922 1046 4000 iorata,
1063 3911 1129 3984 sed
1150 3914 1218 4008 pro
1235 3907 1422 3994 firmitatis
1436 3911 1553 4007 'gratia
1569 3911 1673 3986 idern

163 4013 294 4088 Abbas
318 4009 495 4115 poposcit
516 4012 756 4088 serenitatem
771 4025 959 4102 nostram,
985 4021 1028 4082 ut
1048 4029 1293 4108 praeceptum
1309 4025 1478 4083 nostrum
1498 4011 1692 4108 superad·

164 4110 351 4204 debemus,
383 4125 426 4186 ut
448 4111 547 4186 illius
572 4106 853 4207 complacitatio
878 4107 984 4184 firma
1007 4127 1045 4183 ct
1066 4117 1286 4182 inconcussa
1305 4108 1510 4207 'persistere'
1532 4107 1675 4208 potuis-¹

163 4223 233 4288 set.
283 4211 363 4287 Nos
380 4207 477 4297 sard·
496 4206 710 4286 volarunt
733 4207 960 4360 petit'ionem
981 4203 1080 4282 illius
1101 4205 1358 4310 suscipientes,
1383 4199 1454 4312 per
1473 4207 1549 4282 hcc
1569 4229 1675 4308 prae·
