3616 4850
751 307 1087 428 ‘'⁶4'‘

144 550 151 562 .
275 489 388 568 ·Data
408 489 538 572 Notius
561 489 701 595 Aprilis
721 483 1122 572 anns'inesmstisnn
1150 489 1297 569 domini
1323 481 1643 573 tie'inticttone
1666 493 1698 576 1.

115 633 134 664 t*
188 591 307 668 Anno
333 589 597 692 veroitnperii
620 588 776 692 piissimi
801 587 1037 688 imperatoris
1060 588 1196 666 Karoli
1219 589 1346 668 tertio.
1408 594 1552 672 Actum
1576 591 1701 690 Rege·

188 686 355 790 uesburg
379 687 502 769 iudei
523 691 835 766 nomineAmen.
1248 769 1254 774 ,
1567 703 1572 710 ·

317 787 319 792 ’
465 784 638 874 Adpeudct
657 783 874 872 imperatoris
893 775 1015 844 narsis·
1033 779 1191 870 Sigillum
1209 779 1416 873 plumbeum.
1553 805 1555 808 ·

738 899 1147 918 m*—

209 953 217 1056 s
289 1051 292 1059 .
330 993 335 1006 '
454 991 570 1070 Num.
594 989 736 1082 inv.
786 990 870 1084 884.
909 1017 964 1096 ¹9·
988 989 1093 1091 Sept.
1140 989 1203 1067 Ex
1231 989 1429 1090 originali.
1669 1055 1673 1064 .

187 1096 362 1177 insessas
380 1099 514 1161 mniu-
530 1099 654 1158 Crsssns
675 1097 770 1156 donst
789 1097 891 1155 veteri
905 1097 1049 1172 Capellae
1070 1097 1319 1158 arusiensem
1339 1091 1507 1158 luminaris
1526 1093 1699 1176 Eccletim

467 1198 536 1238 cnm
559 1198 625 1239 oasa
647 1186 679 1238 et
699 1185 787 1262 curte
809 1176 928 1236 etaliis
949 1178 1148 1257 pertiuentiis
1168 1177 1208 1238 sd
1230 1179 1417 1257 Marlingon.

283 1279 335 1356 ln
358 1276 516 1354 nomine
540 1277 702 1354 Sanctae
730 1295 770 1352 et
795 1272 1012 1353 individuae
1035 1272 1240 1368 Trinitatis,
1269 1275 1473 1351 Karolus
1497 1275 1623 1354 divina
1645 1279 1698 1354 la·

186 1389 304 1454 vente
319 1433 321 1440 s
335 1379 537 1452 clementia
560 1377 772 1486 Imperator
800 1375 1003 1469 Augustus.
1063 1372 1105 1448 si
1130 1372 1233 1449 enim
1259 1395 1334 1472 pro
1356 1375 1418 1449 dei
1442 1399 1571 1452 amore
1593 1377 1697 1458 iocis.

187 1475 266 1550 deo
286 1472 418 1548 dicatis
437 1498 487 1548 ex
510 1489 647 1548 nostris
669 1471 785 1550 rebus
809 1468 954 1570 aliquid
979 1470 1219 1562 conserimus,
1246 1485 1285 1548 et
1309 1481 1552 1548 necessitates
1574 1479 1696 1550 eccle·

187 1569 354 1658 siasticas
381 1590 512 1647 nocuo
541 1569 780 1644 sublevamus
807 1563 1015 1668 juvamine,
1046 1566 1088 1641 id
1117 1565 1233 1644 nobis
1266 1568 1316 1644 ad
1342 1586 1536 1648 aeternam
1563 1569 1707 1654 Vitam·

93 1695 99 1702 ·
186 1665 350 1744 feliciter
372 1667 646 1766 capescendam
672 1663 913 1764 profuturum
937 1663 1084 1764 liquido
1103 1663 1301 1742 credimus.
1349 1666 1521 1766 Ideoque
1542 1679 1706 1744 noverit:
1753 1689 1785 1752 ,’

118 1819 126 1840 .
184 1762 362 1842 *omniurn
378 1763 608 1842 sanctacdei
621 1761 814 1840 Ecclesiae
828 1759 1000 1838 fidelium
1014 1775 1322 1862 nostrorumque,
1331 1763 1585 1862 praesentium
1598 1765 1693 1840 sciti-

186 1884 248 1939 cet
277 1863 319 1938 'et
340 1859 556 1935 futurorum
576 1860 756 1948 sollertia,
783 1857 871 1958 quia
892 1885 962 1934 nos
981 1885 1052 1960 pro
1073 1859 1138 1936 dei
1159 1884 1289 1936 amore
1310 1881 1349 1936 et
1368 1861 1517 1936 animae
1539 1877 1701 1940 nostrae·

70 2035 72 2043 ,
185 1957 360 2038 remedio
382 1956 636 2034 conceslimus
663 1983 711 2032 ex
730 1954 868 2031 nostris
888 1956 1002 2032 rebus
1024 1951 1139 2032 adca
1168 1959 1280 2034 ellam
1301 1971 1483 2052 nostram,
1509 1983 1615 2058 quae
1635 1972 1694 2035 est
1802 2019 1804 2026 ,

120 2097 123 2106 ·
170 2053 228 2139 ‚iu
252 2057 399 2136 honore
422 2071 572 2130 unctae
598 2069 637 2129 ct
657 2055 907 2142 intemeratae
924 2053 1086 2150 Virginis
1151 2051 1251 2128 ariae
1278 2067 1495 2130 constructa
1519 2056 1614 2132 inira
1628 2055 1704 2132 Gi·-

184 2150 342 2230 vitatem
370 2131 645 2243 Radesbonaur,
677 2149 888 2228 Ecclesiam
916 2175 1031 2225 unam
1056 2177 1146 2226 cum
1175 2151 1269 2226 Casa
1293 2171 1332 2230 et
1362 2151 1480 2228 Corte
1507 2152 1557 2228 ad
1579 2156 1694 2228 Mar·
1737 2213 1744 2222 .
1776 2183 1780 2192 ·

140 2341 142 2348 y
184 2249 355 2347 lingon
386 2262 521 2324 vocato
552 2253 641 2324 loco
671 2246 713 2324 in
737 2248 922 2324 comitatu
940 2245 1130 2360 Engildei,
1163 2261 1202 2324 et
1231 2248 1281 2326 de
1309 2262 1412 2326 terra
1438 2249 1703 2329 saiimmbas-

184 2348 288 2438 duas,
317 2357 362 2424 ‘et
387 2345 573 2446 mancipia
597 2345 768 2447 quinque
795 2373 883 2420 cum
910 2347 1101 2422 ominbus·
1107 2342 1208 2447 juste
1241 2357 1279 2422 et
1303 2345 1476 2444 legaliter
1498 2349 1546 2422 ad
1570 2347 1694 2449 ipsum
1770 2421 1774 2430 .

183 2439 395 2532 Ecclesiam
415 2443 703 2543 pertinentibus,
731 2443 883 2544 campis,
909 2452 1033 2555 pratis,
1057 2443 1171 2538 silvis,
1196 2442 1306 2518 cultis
1324 2464 1363 2522 et
1385 2445 1547 2538 incultis,
1571 2446 1704 2547 aquis,

185 2563 414 2642 aquarumve
434 2539 663 2633 decursibus,
687 2540 757 2618 viis
777 2555 814 2618 et
832 2541 954 2631 inviis,
979 2541 1187 2622 accessibus
1209 2555 1249 2618 et
1270 2541 1510 2638 regressibus,
1535 2558 1573 2618 et
1592 2541 1691 2645 adja-
1784 2591 1787 2597 ·

134 2716 139 2722 ,
164 2717 166 2722 ,
186 2638 368 2714 centibus.
384 2635 532 2729 finibus,
561 2635 608 2714 e'o
625 2637 806 2714 videlicet
825 2638 979 2714 rationis
1000 2652 1146 2730 tenore,
1167 2651 1211 2714 ut
1226 2638 1406 2740 deinceps
1419 2642 1692 2742 perpetualiter

176 2735 353 2848 'ezgipsis‘
366 2737 481 2812 rebus
505 2733 729 2812 indeficiens
754 2736 952 2811 luminaria
973 2738 1021 2809 ad
1043 2737 1251 2835 praelatum
1271 2758 1441 2812 sanctum
1463 2743 1592 2815 locum
1618 2765 1690 2851 pst>

44 2883 51 2893 -
183 2855 333 2920 ammae
358 2847 509 2909 nostrae
529 2832 703 2910 remedio
727 2833 920 2909 habeatur.
977 2833 1093 2908 Unde
1119 2847 1160 2909 et
1185 2835 1261 2908 hoc
1280 2849 1432 2912 nostrae
1456 2835 1692 2912 auctoritatis

183 2941 429 3032 praeceptum
452 2930 591 3007 exinde
611 2927 696 3006 fieri
711 2925 888 3031 jussimus
904 2941 1022 3031 atque
1039 2927 1236 3030 jubemus,
1261 2947 1304 3006 ut
1321 2931 1692 3033 nostrisluturisque

184 3027 424 3128 temporibus
445 3028 632 3130 praefatae
652 3053 714 3104 res
732 3028 780 3102 ad
794 3029 1064 3128 praescriptum
1081 3049 1250 3104 mucium
1274 3029 1402 3106 locum
1420 3027 1697 3107 inviolabiliter

185 3139 442 3225 permaneant,
467 3129 671 3225 nullusque
688 3125 827 3200 babent
843 3134 1084 3225 potestatem,
1096 3123 1249 3202 'exinde
1272 3125 1415 3226 aliquid
1434 3135 1607 3204 minuere
1625 3131 1691 3206 vel

87 3261 96 3281 .
183 3222 415 3300 subtrahere.
462 3223 528 3299 *Et
558 3237 598 3298 ut
630 3224 726 3298 haec
755 3237 909 3298 nostrae
933 3220 1198 3306 Concessionis
1227 3223 1431 3300 auctoritas
1462 3248 1532 3325 per
1563 3224 1727 3300 lutura·

185 3332 359 3418 tempora
389 3321 411 3394 a
435 3319 581 3396 cunctis
608 3317 784 3396 fidelibus
807 3320 945 3397 nostris
968 3331 1096 3396 verius
1117 3321 1293 3396 credatur
1319 3343 1357 3396 et
1381 3319 1598 3419 diligentius
1618 3323 1690 3415 ob·

82 3483 113 3513 ,¹
182 3437 364 3529 servetup,
388 3441 505 3523 manu
527 3416 680 3517 propria
696 3439 830 3494 nostra
853 3416 986 3496 subter
1009 3441 1093 3496 eam
1118 3415 1360 3516 firmavimus,
1387 3433 1426 3496 et
1449 3421 1592 3496 annum
1619 3445 1693 3496 no·

182 3531 260 3595 tiro
280 3513 456 3636 umiguari
473 3527 657 3616 jussimus
1082 3549 1083 3552 ¹
1568 3531 1569 3534 ’
1639 3557 1642 3566 v
1773 3523 1778 3532 '

193 3667 199 3685 ·
329 3642 533 3745 ..iignum
562 3644 708 3720 Karatt
737 3643 992 3722 Serenissimi
1021 3647 1216 3750 Augusti.
1252 3631 1647 3748 (Monogrammn.)
1669 3655 1697 3749 J

217 3769 657 3870 ·SegoinusNotariusad
668 3775 793 3859 vicem
800 3775 1025 3856 Liutuuardi
1032 3775 1361 3858 Archicanccllarii
1372 3775 1578 3876 recognovi
1597 3771 1687 3882 etit

157 3897 158 3901 ’
268 3887 378 3977 'Data
401 3891 510 3979 xiii.
534 3907 619 3983 Kal.
640 3907 797 3985 Octobr.
813 3887 926 3986 'anno
949 3911 997 3986 ab
1024 3919 1286 3988 incarnatione
1308 3906 1453 3992 domini
1480 3907 1563 4004 ddt.
1588 3901 1689 3986 indi·

90 4009 93 4018 '
181 3994 313 4078 ctione
339 3999 411 4075 lii.
441 4027 543 4080 anno
570 4031 663 4081 vero
686 4003 796 4104 regni
826 4008 959 4086 domni
988 4005 1119 4080 Caroli
1142 4005 1380 4106 imperatoris
1399 4003 1508 4083 Vlll.
1534 4005 1698 4106 imperti

181 4111 313 4178 antem
327 4098 417 4175 iiii.
465 4099 608 4197 Actum
628 4099 854 4202 liadesbone
875 4105 1027 4180 Civitat.
1050 4101 1093 4178 in
1111 4103 1174 4180 dei
1193 4113 1349 4182 nomine
1363 4102 1527 4182 feliciter
1548 4127 1675 4192 amem

474 4226 477 4232 '
532 4213 688 4302 Sigillum
709 4213 812 4308 intus¹
827 4213 1022 4302 impressum
1048 4213 1217 4306 integrum
1238 4225 1342 4312 extat.
1443 4237 1446 4244 ’
