3616 4850
599 379 615 392 .
771 329 851 380 w·
895 319 969 406 to..
991 248 1069 380 vi
1120 270 1125 279 ¹
1167 267 1169 275 ,
1230 295 1234 302 ’

419 430 537 576 Num.¹
559 489 708 578 XXVI.
754 491 848 572 mc
877 491 914 572 6.
929 491 1093 582 'Octob.‚
1131 489 1193 573 Ex
1218 459 1418 596 (higinoli.
1499 439 1507 451 Ι
1554 508 1558 517 “

61 685 65 694 ·
165 653 232 722 Rex
253 657 427 732 Ludouious
442 659 538 718 donat
555 661 590 720 is·
609 661 700 718 Petro
722 661 754 716 et
770 658 967 716 Emmeramo
982 674 1037 714 seu
1060 655 1213 743 Ecclesiae
1233 657 1504 718 hatisboneooi-
1523 663 1575 724 eui
1591 665 1677 746 Epus
1792 707 1801 722 .

83 818 87 840 ,
164 763 324 830 misticus
341 773 513 843 praeest-
531 781 581 824 res
597 763 798 842 proprietatis
813 780 887 821 suae
902 763 937 820 in
953 761 1081 821 Austris
1097 759 1276 840 (Oppidum
1298 764 1588 830 Peehlrriense
1604 793 1677 840 cum

31 855 34 863 ¹
181 907 189 938 i
225 868 344 950 macta)
363 872 484 932 scilicet
504 871 624 944 locum,
652 843 708 932 ubi
729 869 902 946 antiquitus
924 866 986 928 tuit
1008 869 1149 932 Castrum
1171 869 1518 950 Herilungoburch
1541 895 1614 958 0qu
1664 849 1709 931 ⁶-

316 976 447 1060 reliquis
461 975 646 1047 miscentes
660 976 695 1034 in
710 975 856 1050 circuitu,
873 993 1006 1052 quarum
1021 994 1129 1036 rerum
1146 975 1275 1038 termini
1289 975 1520 1074 describuntur.

62 1176 68 1186 ¹
148 1221 151 1228 A
218 1197 223 1207 -
274 1145 323 1220 In
345 1145 514 1228 Nomine
533 1141 695 1225 Domini
712 1141 833 1222 nostri
855 1145 947 1219 Jesu
968 1142 1120 1238 Christi,
1145 1143 1223 1222 Dei
1249 1141 1549 1244 omnipotentis,
1576 1149 1674 1230 Hlu.
1729 1183 1733 1192 ·

27 1241 35 1260 ⁴
161 1239 351 1344 ¹‹i'ouuicus
383 1245 510 1322 divina
535 1247 690 1321 tacente
716 1242 837 1340 gratia
860 1268 929 1317 rex
943 1237 1225 1344 ‚Bajoariorum
1250 1275 1262 1284 ·
1283 1242 1322 1316 Si
1346 1243 1581 1322 liberalitatis
1601 1279 1675 1328 no·

160 1351 262 1415 strae
292 1368 452 1421 munere
467 1345 526 1419 ‘de
550 1339 771 1434 beneficiis,
798 1343 829 1438 *a
858 1339 947 1415 Deo
974 1341 1086 1415 nobis
1117 1337 1285 1434 collatis,
1324 1341 1417 1416 locis
1444 1341 1673 1428 Sanctorum

160 1435 344 1536 quiddam
361 1439 614 1530 conserimus,
638 1437 812 1516 id·nobis
838 1441 973 1538 procul
995 1437 1114 1514 dubio
1133 1441 1182 1514 ad
1198 1451 1377 1514 aeternae
1397 1447 1674 1521 remuneratio·
1733 1463 1750 1480 ‘

159 1535 221 1612 mis
242 1537 407 1636 praemia
428 1539 655 1638 capessenda
681 1537 924 1640 profuturum
946 1535 973 1610 li
1002 1535 1094 1610 uidb
1121 1535 1320 1613 credimus.
1378 1535 1546 1614 Proinde
1569 1568 1672 1618 com·

159 1631 286 1734 periat
309 1634 482 1732 omnium
505 1633 676 1711 fidelium
697 1635 859 1710 Sanctae
885 1635 961 1712 Dei
976 1563 1193 1728 iicclesiae,
1225 1643 1538 1807 nostrorumque,
1564 1663 1670 1737 prae-
1757 1699 1763 1716 ,

1472 1746 1500 1806 is
1517 1754 1669 1813 nostrae

158 1730 332 1810 sentium
347 1729 491 1808 scilicet
519 1747 557 1807 et
573 1735 785 1806 luturorum
806 1729 999 1822 industria,
1021 1730 1109 1831 quia
1128 1757 1198 1808 nos
1216 1758 1289 1844 pro
1314 1743 1441 1808 merce

158 1839 366 1924 augmento
394 1829 646 1930 concessimus
670 1830 832 1907 Sanctae
856 1827 1129 1925 Regincsburg.
1151 1828 1311 1906 civitatis
1331 1829 1536 1921 Ecclesiae,
1568 1857 1678 1932 quae
1789 1887 1792 1890 -

158 1939 219 2003 est
241 1939 460 2002 constructa
482 1925 524 2002 in
542 1927 691 2004 honore
703 1927 740 2002 S.
756 1924 872 2018 Petn',
898 1923 1082 2026 Principis
1096 1925 1390 2026 Apostolorum,
1412 1927 1501 2003 ets.
1517 1927 1673 2008 Emme-

1 2071 6 2082 ι
69 2057 72 2070 ·
126 2103 131 2112 ,
158 2021 275 2115 rami,
300 2022 366 2100 ubi
391 2024 505 2099 etiam
525 2025 629 2101 idem
655 2023 891 2102 beatissimus
911 2043 1053 2127 martyr
1075 2021 1216 2099 Christi
1236 2047 1398 2124 corpore
1421 2025 1582 2124 quiescit
1601 2028 1672 2103 hu-

158 2133 297 2212 matus,
323 2121 385 2200 cui
405 2122 595 2221 praesenti
608 2137 783 2222 tempore
799 2120 1025 2202 venerabilis
1048 2119 1246 2198 Batruicus
1271 2121 1495 2220 Episcopus,
1516 2143 1673 2206 auctore

57 2285 60 2292 .
158 2215 253 2294 Deo
276 2243 447 2316 praeesse
465 2219 634 2312 videtur,
661 2221 837 2322 quasdam
856 2243 915 2294 res
940 2218 1181 2319 proprietatis
1197 2215 1371 2310 nostrae,
1397 2235 1496 2320 quae
1520 2233 1609 2300 ‘sunt
1629 2223 1673 2301 in

157 2311 357 2490 prouincia
370 2317 599 2409 Avarorum,
623 2318 666 2395 id·
688 2331 747 2394 est
769 2321 916 2409 locum,
941 2316 1010 2392 ubi
1030 2313 1237 2415 antiquitis
1258 2332 1421 2393 castrum
1444 2316 1533 2412 luit,
1566 2321 1672 2420 quod

188 2411 301 2492 icitur
325 2413 801 2513 Herilungoburoh,.⁸)
827 2441 916 2488 cum
929 2409 1085 2585 reliquis
1104 2408 1322 2584 adssoentiis
1337 2414 1376 2491 in
1391 2413 1561 2510 circuitu,
1581 2445 1673 2518 qua·

38 2507 41 2523 '
158 2535 245 2586 rum
265 2511 442 2588 terminia
466 2513 621 2592 suntab
639 2537 686 2588 eo
709 2515 808 2603 loco,
832 2509 903 2596 ubi
925 2511 1013 2584 Erla
1039 2507 1120 2588 ain
1181 2509 1360 2587 anubium
1380 2512 1496 2605 cadit,
1520 2541 1670 2592 sursum

158 2634 231 2710 per
255 2606 376 2708 ripam
398 2605 568 2709 ejusdem
589 2607 755 2688 fluminis
781 2609 967 2708 usquead
989 2612 1136 2701 locum,
1177 2610 1242 2708 qui
1264 2608 1402 2684 dicitur
1425 2609 1673 2708 Erdgaste·

57 2729 84 2762 ·
158 2707 225 2806 gi,
251 2717 290 2782 et
311 2705 517 2784 abeodem
540 2706 697 2786 flumine
717 2706 758 2782 in
779 2704 952 2782 orientali
970 2719 1078 2806 parte
1097 2732 1217 2807 usque
1239 2707 1280 2781 in
1299 2707 1466 2782 medium
1484 2722 1670 2804 montem,

141 2801 229 2904 ‘qui
250 2805 350 2902 a'pud
370 2799 567 2880 Vuinades
594 2803 868 2882 Colomezza
887 2800 941 2900 **)
966 2803 1136 2894 vocatur,
1161 2802 1227 2879 ubi
1244 2803 1286 2880 in
1309 2805 1454 2881 duabus
1474 2807 1671 2884 arboribus

162 2899 353 2978 evidentia
377 2898 483 2995 signa
505 2915 779 2993 monstrantur,
812 2913 851 2978 et
875 2901 992 2976 abeo
1016 2903 1123 2996 loco,
1149 2901 1299 3002 aiparte
1323 2901 1525 3000 Aquilonis
1549 2929 1672 3006 usque

160 2997 204 3077 in
225 2995 466 3090 Danubium,
505 3019 543 3074 et
570 2993 618 3073 ad
643 2996 842 3078 meridiem
874 3016 913 3075 et
936 2997 1178 3074 occidentem
1207 3023 1278 3099 per
1302 2998 1485 3076 verticem
1516 3003 1671 3096 montis,
1700 3041 1708 3054 =
1806 3015 1807 3024 ’

153 3096 260 3174 'sicut
282 3093 471 3172 evidentia
494 3095 675 3174 arborum
690 3097 796 3194 signa
820 3098 1099 3186 demonstrant,
1124 3103 1245 3194 usque
1266 3097 1313 3170 ad
1334 3097 1591 3195 'supradictum
1615 3102 1672 3174 lo·

161 3220 252 3272 cum
273 3193 568 3289 Erdgastegi.
626 3195 704 3272 Has
732 3195 861 3293 itaque
887 3219 946 3268 res
970 3217 1060 3267 curn
1083 3193 1222 3267 Sclavis
1251 3193 1396 3267 ibidem
1427 3221 1672 3272 commanen-

135 3291 274 3387 ,tihus
289 3317 389 3364 -cum
405 3291 593 3382 domibus,
614 3287 809 3382 aediliciis,
839 3289 949 3366 terris
972 3289 1080 3365 cultis
1105 3303 1145 3364 et
1168 3289 1331 3382 incuriis,
1356 3291 1481 3392 pratis,
1511 3293 1671 3395 pascuis,
1737 3305 1739 3313 '

159 3387 272 3481 siluis,
296 3386 413 3488 aquis,
438 3413 667 3490 aquarumve
681 3388 912 3483 decursibus,
937 3384 1167 3486 adiacentiis,
1193 3386 1342 3489 perviis,
1370 3390 1534 3468 exitibus
1557 3405 1597 3472 et
1612 3415 1671 3471 re·

165 3577 364 3600 μυ...-

170 3664 234 3766 3⁹)
257 3667 547 3756 Hcrlungeborch,
572 3681 667 3743 hodie
684 3673 894 3752 Horlonden,
921 3700 1001 3759 quse
1021 3681 1158 3747 villosis
1178 3683 1295 3764 oppido
1317 3679 1524 3744 Pechlsriemi
1545 3677 1685 3748 circites

173 3817 176 3828 .
242 3773 372 3834 dimidia
394 3777 472 3838 hors
500 3779 533 3836 in
553 3779 718 3842 meridiem
739 3781 842 3841 distet·
871 3781 906 3841 R·
930 3783 960 3843 1³.
982 3785 1112 3846 Hieron·
1135 3787 1197 3846 Pes·
1218 3783 1305 3846 Tomi
1329 3781 1584 3860 reserpentem
1603 3783 1672 3844 Au·

203 3961 205 3968 Α
238 3874 334 3933 striae
355 3873 484 3934 Dissert·
505 3879 545 3936 li·
566 3891 632 3958 pag·
652 3879 763 3938 xxm·

86 4005 89 4021 ⁸
201 4020 251 4104 ’Ἰ
273 4023 376 4085 Hodie
394 4015 645 4101 Kolmrinzberg
664 4025 707 4085 Sa
716 4027 854 4104 outline,
878 4029 1013 4092 Eccleslr
1033 4027 1159 4109 insignis
1180 4029 1220 4092 ab
1241 4027 1358 4110 oppido
1380 4027 1591 4094 Pechiariensi
1610 4029 1673 4092 cir·

1 4164 3 4172 a
242 4123 321 4181 citer
351 4121 450 4181 tribus
474 4125 507 4183 et
534 4123 666 4182 dimidio
695 4111 884 4187 milliaribus
909 4129 944 4186 in
975 4137 1116 4188 oceasum
1143 4129 1269 4193 duum·
1313 4130 1351 4193 R·
1380 4131 1411 4193 P·
1443 4130 1574 4194 Hieron·
1603 4129 1668 4190 Pet·

241 4219 515 4302 lentissimo
536 4221 691 4286 aarum.
711 4222 842 4288 nmero
857 4227 903 4288 11..
926 4243 994 4307 pop
1009 4227 1125 4290 xxiii.
