3710 4838
764 264 957 379 &²516
1005 279 1079 358 ’ὼ

113 559 119 564 ,
150 487 200 553 ·et
221 473 356 554 Ecclie
379 473 419 552 in
441 459 516 552 hae
535 473 654 578 parle',
680 499 724 549 so
751 472 1034 580 considerantes
1048 470 1225 578 'dompne
1252 473 1291 555 ei
1312 464 1501 571 defodiri,
1534 478 1600 576 'qui
1625 498 1673 558 ex

100 625 104 633 .
135 636 142 662 2
155 576 387 668 alienatione
414 571 535 650 Castri
561 573 847 667 Valchenstein,
877 584 909 650 si
928 575 983 648 ad
1004 597 1139 651 manus
1163 573 1344 654 devoluta
1365 572 1496 656 suisset
1523 573 1672 672 alienas,

158 673 353 771 Retispon.
369 671 502 750 Ecclie
526 683 705 780 poterant
728 669 942 774 provenire,
966 670 1131 772 speciale
1152 671 1264 750 nobis
1289 685 1329 751 et
1342 671 1475 752 Eccita
1495 695 1567 752 ture
1585 671 1675 772 sub·

157 771 294 845 sidium
313 769 550 863 exhibentes,
576 788 754 847 emerunt
772 792 794 844 a
813 768 931 854 nobis.
943 769 1024 848 bon
1044 793 1111 884 spe
1129 771 1329 864 lucri,‘sed
1349 769 1542 850 caritative
1559 767 1675 850 com-
1765 817 1769 830 ι

156 875 336 968 passionis
368 879 479 944 motu
503 866 608 946 ducti
638 869 687 942 ad
708 867 925 957 instantiam
948 871 1149 948 marinum
1173 871 1501 962 ministerialium,
1569 877 1582 942 i
1608 894 1676 946 nu·

81 991 85 1002 ·
146 975 274 1049 rstrunt
299 965 510 1042 Consilium
523 961 767 1070 juraverunt,
798 978 869 1067 pro
903 966 1032 1060 ibuit.
1056 967 1250 1066 Ratispon.
1282 976 1441 1046 monete
1467 964 1515 1043 de
1540 991 1602 1043 em
1634 974 1674 1043 et

40 1115 41 1118 =
153 1063 245 1141 outo
259 1063 384 1140 scaffas
409 1075 533 1158 tritici,
558 1063 756 1144 solvendus
782 1077 834 1142 eis
852 1073 964 1148 anuis
983 1063 1136 1163 singulis
1155 1068 1372 1168 lictispoue,
1396 1067 1459 1144 uel
1477 1064 1565 1140 alibi
1584 1067 1672 1144 loco

92 1259 95 1264 Δ
154 1171 391 1260 competenti
423 1163 472 1238 de
500 1161 618 1248 Curia
647 1182 776 1246 nostm
806 1165 956 1246 villicali
996 1162 1039 1241 in
1062 1163 1378 1266 Egloisheim,
1414 1172 1486 1258 nisi
1515 1163 1672 1260 grando,

151 1261 324 1335 sterilitas
347 1261 410 1336 vel
428 1256 574 1336 bellum
593 1284 661 1336 seu
684 1263 924 1359 guerra'sine
952 1279 1078 1338 nostra
1105 1276 1145 1340 et
1164 1263 1395 1340 Successoris
1418 1261 1539 1336 nostri
1561 1262 1673 1359 culpa

150 1356 667 1528 proveniensremlssionetn
696 1361 890 1440 induxerit
916 1358 1139 1455 faciendam,
1173 1385 1251 1462 que
1278 1359 1538 1436 moderabitur
1560 1355 1673 1460 juxta

181 1462 422 1538 iscretionent
445 1467 484 1532 et
507 1456 708 1533 consilium
731 1458 935 1534 meliorum
953 1457 1179 1540 Vicinomm
1199 1458 1371 1560 inspecta
1396 1455 1581 1550 deiectus,
1606 1452 1674 1555 qui

154 1551 337 1644 evenerit,
376 1555 558 1652 qualitate
591 1547 673 1632 seu'*
695 1553 810 1632 etiam
840 1568 1063 1657 quantitate.
1137 1555 1178 1632 si
1209 1581 1301 1634 vero
1321 1553 1538 1632 'contentio
1572 1554 1674 1629 inter

152 1673 224 1726 nos
250 1667 289 1726 et
314 1651 492 1728 villicum
521 1653 635 1733 dicte,
656 1651 771 1728 Curie
805 1652 921 1730 fixerit
948 1679 1060 1758 super
1086 1651 1297 1732 redditibus
1328 1651 1458 1744 Curie,
1493 1651 1674 1734 videlicet

52 1788 55 1798 ι
151 1760 311 1846 centum
331 1766 370 1826 et
391 1768 554 1850 quatuor
582 1749 731 1840 modios
756 1749 874 1828 trilici
894 1750 1035 1834 Villico
1057 1765 1258 1846 asserente,
1283 1753 1569 1851 quodpropter
1592 1749 1675 1824 red·
1703 1810 1720 1846 .,

150 1844 251 1922 dit'us
275 1844 350 1922 laci
373 1843 414 1921 in
441 1845 739 1947 Giselingen,
766 1845 1086 1950 etu'retentionem
1106 1849 1356 1942 oblationum,
1382 1873 1459 1962 que
1479 1846 1675 1950 Chircb,
1756 1919 1759 1924 ,

150 1943 380 2050 getraeht
402 1944 608 2043 vulgariter
634 1967 887 2048 nuncupatur,
912 1973 989 2062 que
1011 1947 1151 2034 Villico
1180 1948 1347 2024 subtrahi
1380 1961 1675 2052 consueverunt,

150 2053 368 2146 non-possit
394 2046 542 2121 solvere
569 2067 649 2138 104.
675 2046 825 2122 modios
856 2045 982 2137 tritici,
1014 2044 1096 2126 talis
1125 2044 1350 2148 disceptatio
1376 2048 1439 2136 vel
1463 2042 1690 2122 subtractio

102 2175 109 2214 ·.
150 2151 337 2246 pensione
366 2139 410 2224 18
436 2139 639 2227 Scafferutu
673 2141 849 2248 Capitulo
882 2145 1148 2221 solvendarum
1181 2170 1261 2218 non
1293 2139 1493 2232 diminuet,
1526 2143 1601 2218 sed
1627 2139 1678 2222 ad

79 2237 98 2332 J
150 2261 222 2320 nos
241 2249 292 2316 ‘et
321 2235 564 2318 Successores
594 2252 744 2322 nostros
778 2241 1044 2315 tantummodo
1080 2239 1299 2339 pertinebit,
1340 2254 1380 2315 et
1423 2239 1513 2340 quia
1542 2237 1677 2342 predis
1753 2267 1760 2290 ·

148 2335 366 2412 Ecoliarum
392 2335 551 2438 antiqua
576 2333 798 2420 difficillime
827 2337 944 2433 vendi
970 2353 1139 2436 possunt,
1174 2333 1322 2443 adjecta
1356 2349 1412 2413 est
1440 2337 1549 2414 dicto
1575 2335 1691 2412 Con··

150 2435 291 2510 tractui
321 2435 395 2510 heo
425 2435 580 2527 cautela,
618 2455 661 2508 ut
691 2435 869 2534 predictis
895 2445 1108 2538 prepositp,
1146 2437 1292 2519 decano
1327 2447 1370 2510 et
1402 2431 1586 2535 Cupitulo
1626 2435 1684 2512 de
1814 2451 1815 2520 j

40 2551 42 2556 ·
154 2531 223 2605 rio
243 2544 287 2608 tt.
312 2529 423 2609 nobis
457 2532 675 2624 numeratis,
706 2545 822 2634 prout
850 2543 1021 2636 superius
1050 2543 1107 2610 est
1146 2539 1375 2634 expressum,
1408 2557 1479 2634 per
1508 2533 1675 2614 modtun
1813 2527 1815 2550 ¹

149 2635 396 2732 reemption'ts
417 2630 532 2729 plene
549 2626 704 2708 satisfiat
732 2633 787 2709 de'
828 2632 1050 2709 serentibus
1073 2630 1243 2707 thelonei
1271 2649 1310 2706 et
1329 2648 1499 2722 monete,
1527 2653 1609 2732 que
1632 2639 1674 2704 iu

149 2727 342 2826 Ratispott.
366 2725 532 2803 Ciuitate
553 2738 744 2805 noscimur
771 2659 956 2821 obtinere,
980 2730 1045 2823 ita,
1070 2755 1159 2806 cum
1181 2747 1336 2804 moneta
1356 2737 1560 2820 vacaverit,
1589 2747 1677 2828 que,

148 2851 193 2898 us
222 2847 272 2900 ue
291 2850 371 2924 quo
395 2823 599 2900 Liutoldus
632 2837 673 2905 in
695 2823 778 2906 soro
803 2825 962 2927 recipiat
988 2855 1097 2920 suum
1120 2825 1292 2908 debitum
1319 2825 1369 2901 de
1394 2825 1467 2901 300
1485 2837 1535 2900 tt.
1562 2821 1676 2900 nobis

150 2851 288 3006 debitis
312 2921 426 2997 adno
447 2920 634 2998 Heinrico
658 2923 756 2998 duce
772 2923 959 3016 Batvarie,
996 2925 1121 3000 extitit
1141 2923 1325 3020 obligata,
1345 2936 1386 2998 et
1408 2946 1448 2998 se
1477 2933 1562 2998 iem
1583 2917 1676 2997 anni

148 3018 376 3111 transierint,
409 3019 658 3120 computandi
692 3020 938 3098 saturitate
962 3019 1029 3098 dui
1063 3047 1164 3098 nunc
1190 3031 1384 3096 transacta.
1481 3045 1525 3095 os
1556 3019 1675 3098 etiam
1736 3025 1741 3045 ‘

149 3117 200 3195 de
222 3115 482 3218 predictorum
505 3115 816 3198 consiliariorum
833 3117 992 3204 consilio
1012 3137 1050 3194 et
1069 3142 1256 3194 consensu
1280 3131 1489 3220 proventus
1508 3129 1675 3194 monem

51 3263 59 3278 ι
150 3231 190 3291 et
219 3211 388 3291 thelonei
421 3213 462 3291 in
494 3215 727 3293 solutionem
765 3217 833 3297 150
855 3229 900 3294 tt
936 3213 1103 3292 finaliter
1137 3215 1401 3316 deputavimus
1435 3217 1675 3313 colligendas

147 3311 220 3414 per
242 3313 436 3390 cellarium
462 3325 503 3390 et
525 3313 748 3390 obelierium
777 3311 908 3406 Chori,
943 3313 1009 3415 qui
1038 3338 1107 3416 pro
1133 3329 1309 3414 tempore
1336 3312 1490 3406 suerint,
1524 3324 1567 3392 et
1593 3307 1677 3388 offi-

149 3411 262 3502 ciales
286 3421 436 3488 nostros
458 3409 754 3488 Cemmerarium
782 3433 819 3488 et
840 3413 1102 3501 Marscalcum,
1129 3426 1167 3488 et
1197 3412 1477 3489 convertendos
1499 3409 1545 3486 in
1570 3405 1676 3484 utiti-

51 3535 65 3554 ‘
149 3509 269 3588 tetam
295 3505 596 3610 supradictorum
615 3506 810 3612 prepositi,
836 3509 972 3586 decani
996 3525 1035 3587 et
1063 3506 1245 3623 Capituli,
1277 3533 1478 3612 quousque
1503 3507 1597 3611 ipsis
1624 3506 1700 3582 de,

151 3605 221 3684 150
244 3619 288 3684 tt.
313 3629 383 3705 per
407 3607 566 3682 modum
594 3607 842 3710 reemptionis
897 3611 1030 3685 lenum
1062 3605 1229 3700 satisfiat,
1261 3623 1301 3683 et
1327 3619 1422 3683 tuuc
1446 3604 1495 3681 ad
1523 3631 1599 3682 nos
1633 3611 1673 3678 et

55 3771 62 3788 ,
99 3743 106 3750 ·
148 3718 298 3781 nostros
318 3703 558 3782 successores
584 3703 687 3783 dicte
718 3705 761 3781 18
785 3697 853 3781 Sca
906 3761 916 3798 ,
948 3715 1156 3808 proventus
1179 3705 1356 3802 thelonei¹
1377 3724 1417 3782 et
1442 3725 1606 3782 monete
1631 3697 1682 3777 li:

58 3848 61 3854 ,
147 3803 242 3880 bere
267 3813 537 3880 reuertentur.v
583 3799 846 3878 Promittimus
875 3803 990 3898 etiem
1025 3799 1241 3897 bonafide,
1280 3801 1400 3880 immo
1430 3801 1692 3904 impotentes'

147 3909 220 3977 n'os
244 3927 292 3978 ex
314 3927 417 3978 nunc
441 3901 647 3977 reddentes
673 3918 711 3976 et
732 3915 893 3996 nostros,
915 3901 963 4003 in
979 3915 1163 4002 quantum
1190 3924 1396 4016 possumus,
1411 3889 1683 3995 successores,

149 4001 484 4100 quodprorentus
510 3995 682 4076 thelonei
706 4021 751 4072 uc
779 3998 938 4076 tnonet'e
959 3999 1012 4074 'in
1043 4027 1132 4075 usus
1159 4003 1251 4076 altos
1278 4011 1566 4076 convertantur.
1624 3996 1671 4068 ln

147 4095 254 4172 eu'us
283 4093 340 4174 rei
366 4095 630 4174 testimonium
656 4110 851 4196 presentes
880 4097 1023 4174 litteras
1057 4095 1245 4174 conscribi
1277 4117 1317 4174 et
1344 4095 1579 4196 Sigillorum,
1610 4087 1672 4168 nri

146 4123 337 4303 videlicet,
361 4190 560 4273 Altmaruri
579 4190 773 4294 prepositi,
798 4193 958 4272 Alltardi
977 4195 1123 4290 decani,
1148 4193 1274 4294 Magri
1290 4193 1412 4273 Ubici
1430 4189 1669 4280 thesaurarii,
