3616 4850
797 289 971 416 '⁶¹:²⁶
1019 314 1095 374 «ο
1145 267 1156 274 .

727 474 1032 576 uunxxrv:
1072 475 1205 584 aas:
1433 427 1459 514 ·'

186 657 201 673 “’
293 615 455 707 natantem
474 621 742 722 Epuabaticbon·
765 661 835 704 eum
856 612 969 716 abbitc
993 641 1150 721 sigimodo
1179 603 1389 721 ennuntiat,
1420 647 1453 707 et
1473 663 1613 712 concam.

105 741 109 748 ’
555 743 561 750 ’
731 751 821 812 bium
849 768 958 809 rursus
990 747 1151 810 rescindit·
1219 799 1223 812 ,

819 853 889 956 Pes.
910 891 932 958 l.
957 913 983 956 o.
1010 911 1090 974 209.-

288 1009 495 1115 Postquam
517 1007 755 1087 orthodoxus
773 1007 865 1104 Vir,
902 1007 1064 1084 Sanctae
1084 1005 1299 1085 Memoriae
1321 1007 1574 1100 baturicus
1599 1010 1702 1118 Epis·

182 1123 236 1188 ¹'co
263 1137 308 1188 us
344 1127 383 1186 ct
411 1110 739 1208 sigismundus
772 1107 901 1184 Abbas
935 1121 1068 1182 mutua
1100 1106 1204 1184 inter
1235 1133 1276 1184 se
1306 1111 1570 1188 *conventione
1610 1117 1702 1192 lacta

4 1239 41 1277 ·.
113 1259 116 1264 -
185 1139 266 1284 tuiis
292 1207 561 1284 concambium
575 1194 766 1300 iecerunt,
791 1219 835 1281 ut
859 1205 961 1282 idem
981 1205 1209 1312 venerabilis
1231 1209 1385 1281 Praesul
1410 1206 1480 1308 ipsi
1502 1211 1645 1287 Abbati
1662 1214 1702 1294 in

187 1304 421 1384 beneficium
453 1305 668 1404 concambii
698 1305 928 1382 concesserit
962 1329 1107 1396 servos,
1151 1329 1246 1403 quos
1278 1304 1443 1378 habebat
1461 1308 1521 1392 ,ad
1552 1310 1703 1400 Perin.

77 1463 80 1472 .
133 1481 135 1485 Α
188 1403 310 1494 dori,
346 1416 386 1479 et
404 1404 534 1480 Abbas
562 1407 742 1479 econtra
762 1404 938 1494 donavit,
965 1402 1071 1502 quod
1093 1401 1158 1475 ille
1184 1400 1400 1501 possidebat
1428 1401 1533 1476 iuxta
1562 1401 1702 1484 fluenta
1802 1479 1803 1484 ,

188 1497 421 1596 Labarae;
449 1500 623 1601 Contigit
649 1527 697 1578 ex
724 1512 832 1602 parte
852 1498 1162 1595 sigismundi,
1188 1513 1230 1572 nt
1257 1500 1366 1602 servi,
1393 1527 1488 1598 quos
1510 1501 1580 1602 ipsi
1597 1505 1701 1603 Epis·

187 1625 309 1698 copus
332 1599 373 1676 in
397 1599 670 1676 concambium
692 1599 816 1690 dedit,
848 1594 1026 1699 injuriam
1046 1596 1297 1691 sustinerent,
1323 1609 1369 1673 'et
1392 1623 1504 1698 saepe
1530 1605 1700 1676 reclama-

15 1729 21 1739 ’
107 1773 109 1776 ,
182 1711 274 1772 nent
296 1695 351 1770 ad
379 1697 589 1798 praelatum
621 1694 859 1772 Pontificem.
945 1696 1129 1800 Quamvis
1165 1697 1260 1772 haer.
1291 1695 1392 1771 mitis
1421 1695 1523 1771 idem
1553 1698 1699 1774 audiret

184 1792 409 1894 Episcopus,
435 1793 557 1876 voluit
582 1808 710 1870 tamen
728 1791 1001 1870 dissensionem
1023 1795 1203 1896 devitare,
1230 1807 1269 1869 et
1291 1795 1339 1867 ad
1366 1793 1489 1896 ipsum
1509 1795 1699 1871 Abbatern

69 1901 81 1929 ²
184 1890 295 1990 loqui
323 1890 493 1989 rogavit,
535 1905 579 1966 ut
610 1891 750 1968 iniuste
779 1893 1051 1969 contumeliam
1080 1919 1162 1968 non
1186 1895 1411 1992 paterentur
1438 1889 1534 1968 sewi
1558 1895 1604 1966 ab
1641 1915 1707 1986 eo,
1778 1982 1783 1992 .

186 2013 283 2088 quos
302 1987 344 2066 in
368 1987 635 2065 concambium
654 1989 824 2090 accepit:
859 1991 925 2066 sed
945 2005 1079 2066 tamen
1102 1991 1211 2065 nullo
1234 1991 1352 2072 modo
1374 1987 1473 2064 illud
1501 1991 1703 2068 emendare

183 2086 350 2162 volebat
416 2089 522 2162 Dum
544 2088 639 2164 haec
666 2085 719 2162 ita
746 2113 787 2164 se
808 2088 1015 2180 haberent,
1047 2087 1305 2162 Baturicus
1324 2088 1430 2186 Epus
1456 2086 1563 2162 iuxta
1591 2087 1703 2164 ratio-

143 2199 146 2206 “
182 2205 276 2260 nem
296 2185 524 2284 condignam
550 2211 632 2262 non
656 2187 781 2262 ferens
800 2185 931 2261 'animo
960 2182 1121 2261 iniuriae
1146 2211 1293 2260 causam
1316 2209 1511 2260 servorum
1533 2211 1702 2280 suorum,

180 2277 292 2357 venit
321 2309 409 2358 curn
432 2284 562 2360 amicis
588 2295 628 2359 et
654 2283 878 2359 hominibus
901 2285 948 2357 ad
973 2309 1086 2396 supra
1114 2283 1356 2358 nominatum
1382 2282 1525 2369 Vicum
1551 2285 1703 2362 obviarn

67 2417 78 2430 =
135 2383 141 2392 '
182 2375 257 2492 ipsi
281 2380 445 2478 Abbati3
479 2399 518 2460 et
543 2409 631 2457 curn
652 2382 852 2472 sedissent,
878 2381 978 2456 tacto
998 2380 1151 2456 silentio
1176 2409 1265 2458 curn
1285 2380 1564 2458 convenientia
1587 2379 1702 2457 Batu-

120 2495 126 2500 ’
184 2501 286 2552 neus
307 2479 458 2556 Praesul
474 2479 645 2556 'reddidit
665 2479 770 2582 prior
790 2478 915 2554 eidem
933 2475 1064 2554 abbati
1085 2505 1172 2552 cum
1193 2481 1314 2556 ferula
1335 2503 1403 2554 sua
1424 2479 1706 2573 concambium,

240 2577 362 2652 adab
390 2603 436 2654 eo
461 2578 627 2676 accepit,
655 2589 693 2653 et
712 2577 825 2653 abbas
854 2603 944 2652 cum
963 2577 1102 2673 baculo
1133 2603 1202 2651 suo
1232 2579 1368 2653 eodem
1391 2580 1510 2653 modo
1535 2576 1701 2654 reddidit
1801 2655 1803 2658 .

220 2681 284 2772 po
302 2673 599 2769 Concambium,
625 2677 731 2774 quod
754 2701 843 2750 cum
860 2673 927 2749 illo
952 2673 1127 2770 gesserat.
1178 2675 1228 2750 Et
1250 2674 1303 2751 sic
1320 2673 1505 2774 placitum
1528 2677 1697 2775 quando·

74 2861 80 2870 ὓ
184 2779 261 2868 q'ue
282 2795 322 2845 se
344 2771 771 2864 haberecondixerant,
796 2779 840 2848 nt
862 2771 893 2848 si
918 2774 1072 2873 quando
1095 2771 1189 2873 quid
1208 2769 1311 2847 inter
1331 2797 1372 2848 se
1392 2772 1446 2846 ‘de
1471 2771 1589 2846 causis
1613 2771 1703 2872 ipsis

18 2865 24 2878 '
134 2892 137 2898 ·
185 2891 367 2965 quaerere
392 2869 617 2960 voluissent,
658 2871 735 2946 hoc
760 2881 855 2945 tunc
880 2870 922 2945 in
949 2883 1064 2968 caput
1091 2869 1385 2947 constituissent.
1458 2869 1515 2944 lbi
1544 2873 1702 2946 luerunt
1798 2877 1803 2886 “

4 2957 21 2980 ”’
54 3051 57 3057 Ι
183 2977 401 3136 praesentes
416 2965 526 3058 Otto,
553 2965 768 3060 Karnanoli,
795 2967 950 3059 Rodolt,
975 2967 1192 3060 Suuamloh,
1219 2967 1379 3061 Pillunc,
1406 2965 1542 3059 Uaant,
1571 2966 1703 3044 Cund·

215 3061 285 3153 eri,
311 3061 430 3154 Pern,
455 3063 716 3164 Erchanpold,
741 3065 874 3160 Jacob,
900 3065 1060 3143 Marcho
1083 3065 1221 3146 etalii.
1277 3068 1422 3144 Actum
1447 3067 1502 3145 est
1531 3065 1574 3145 in
1594 3065 1699 3146 Vico
1761 3069 1766 3079 ’

207 2673 217 2691 Ί

96 3159 146 3261 ᾗ,
184 3163 298 3264 supra
324 3159 477 3262 scripto,
503 3187 604 3242 anno
626 3161 772 3238 domini
796 3163 882 3267 829.

595 3467 712 3560 Num.
741 3478 866 3564 XXV.
915 3435 1000 3568 83o.
1046 3469 1093 3562 ιδ’
1112 3477 1285 3582 Augusti.

82 3685 87 3694 .
179 3631 363 3734 *hudonem
392 3641 457 3702 Rex
485 3641 670 3703 Germaniae
691 3643 847 3722 quandam
874 3645 1077 3706 Praestas-iarn
1103 3647 1188 3708 inter
1215 3642 1394 3742 baturicum
1416 3639 1517 3716 Eptm
1539 3639 1705 3706 mainan·

284 3753 316 3803 et
336 3745 576 3810 Ercbansriduna
599 3751 801 3828 Capelianum
822 3769 913 3812 suurn
936 3753 1125 3815 llatisbonae
1145 3757 1179 3812 in
1200 3769 1257 3810 suo
1281 3749 1395 3808 Palatio
1412 3749 1585 3812 confirmat.

454 3891 515 3952 Pez
536 3892 557 3954 l.
579 3915 605 3954 c.
631 3894 988 3985 13.'HundiiMctrop.
1010 3897 1037 3958 I.
1060 3909 1123 3962 150.
1144 3891 1233 3954 Edit.
1254 3857 1425 3954 Ratisbon.

209 3963 228 3982 κ
284 4005 332 4076 In
358 4003 517 4082 nomine
540 4007 686 4084 domini
713 4011 831 4086 nostri
853 4013 944 4110 Jesu
978 4007 1136 4098 Christi,
1169 4008 1233 4083 dei
1253 4007 1546 4108 omnipotentis,
1583 3989 1724 4100 Hvtual

186 4098 423 4213 donuicus
449 4104 576 4180 divina
604 4107 789 4204 largiente
815 4105 1018 4187 clementia
1047 4107 1129 4180 Rex
1149 4106 1420 4182 Baioariorum.
1481 4106 1522 4181 si
1548 4105 1709 4218 petitio·

104 4213 107 4221 '
185 4199 300 4279 nrbus
322 4198 494 4282 fidelium
511 4215 750 4302 nostrorum,
774 4232 866 4307 quas
887 4203 1043 4288 auribus
1060 4203 1200 4284 nostris
1214 4204 1508 4306 insinuaverint,
1532 4205 1710 4286 libenter
