3718 4848
701 265 1070 384 'mm-s-

39 425 42 434 ’
148 467 339 596 santos
353 441 641 586 ,mensam
654 432 848 578 meipsa
870 473 942 576 pe
956 446 1073 573 ,aaa
1091 461 1240 546 taam
1260 477 1318 584 aa
1334 463 1543 584 eamean
1553 465 1664 644 prin.
1728 579 1741 590 J

45 633 51 664 ²
148 580 834 769 t'iitri'titiffitit‘tttt
847 565 1523 744 ‘itistitfflstiiiititt
1568 596 1664 746 si:

151 763 344 872 bawarie,
386 791 432 842 ac
448 789 581 880 ‘usque
604 790 710 879 nunc
739 765 829 841 cudi
853 765 945 880 iecit
967 765 1084 879 dnus·
1102 759 1303 870 Heinricus
1333 790 1445 877 sqpra
1481 722 1661 878 sc’riptus,

147 861 336 1038 itiiitt
354 863 680 1045 iiiiii?
694 863 1679 1058 il‘t'itiiiiiiiitttffiittriiid't·

147 1057 370 1160 simpliciter
400 991 712 1162 corirpromittere
743 1040 977 1172 curaverunt·
1002 1057 1081 1135 fide
1113 1055 1268 1159 prestita
1284 988 1548 1170 ‘corporalier
1571 1059 1681 1174 vice.

147 1153 400 1250 Sacramenti,
433 1171 556 1234 mium
580 1171 619 1234 et
640 1169 787 1252 gratum
813 1155 980 1232 habituri
1004 1155 1107 1232 bona
1133 1153 1230 1248 fide,
1264 1180 1344 1266 stne
1366 1157 1455 1232 dolo
1476 1181 1521 1264 aq
1544 1161 1662 1257 quain¹

139 1251 215 1330 bet
243 1254 435 1354 captione,
461 1255 644 1357 qfficquid
667 1255 747 1357 ipsa
770 1253 993 1368 universitas
1012 1257 1076 1368 vel
1105 1272 1519 1368 certe·persene,·quas
1543 1277 1593 1331 ex
1614 1280 1660 1333 se

131 1349 332 1465 ¹ducerent
354 1355 401 1429 eli
430 1355 556 1446 endas,
579 1365 789 1436 statuerent
808 1351 849 1428 in
871 1353 972 1430 dicta
989 1352 1179 1430 'discordia
1199 1375 1281 1464 sive
1300 1365 1502 1452 questrorm
1522 1377 1569 1428 ac
1589 1377 1661 1468 per

112 1507 121 1520 .
145 1449 345 1526 arbitrium
360 1475 405 1526 or
433 1450 442 1468 “
493 1463 592 1530 rent.
618 1454 882 1526 ·Promisimus
900 1461 1017 1528 etiam
1038 1477 1121 1528 nos
1130 1450 1317 1548 Magister,
1333 1460 1373 1528 et
1388 1453 1569 1528 consules
1594 1449 1660 1528 Ci-

19 1585 22 1590 ·
144 1544 287 1638 vitatis,
320 1547 388 1647 qui
409 1563 601 1652 presentes
625 1547 764 1624 inimus
794 1547 858 1636 illa
880 1547 966 1628 vice
992 1575 1064 1650 pro
1084 1559 1162 1650 ipsa
1187 1544 1432 1624 universitate
1461 1547 1658 1648 Ratispon.

80 1729 90 1738 .
145 1639 223 1719 fide
252 1643 406 1746 prestita
432 1646 679 1748 corporaliter
704 1646 789 1724 vice
814 1647 1073 1740 S'acram'enti,
1111 1647 1216 1747 quod
1244 1644 1325 1744 ipsa
1348 1643 1569 1724 universitas
1592 1647 1657 1724 vel

144 1760 250 1818 certe
270 1767 450 1842 persone,
486 1771 577 1845 quas
601 1743 756 1841 elegerit
780 1769 828 1822 ex
849 1769 909 1838 se,
942 1741 1043 1822 bona
1068 1742 1164 1835 fide,
1186 1753 1276 1818 stne.
1291 1743 1382 1820 doio
1410 1751 1458 1819 et‘
1478 1741 1657 1844 captione

144 1837 406 1930 terminabunt
435 1841 572 1918 dictam
600 1841 824 1919 discordiam
854 1843 934 1920 sive
961 1841 1203 1945 questionem
1232 1863 1303 1942 per
1332 1837 1532 1918 arbitrium
1558 1839 1657 1922 infre

143 1934 348 2024 crastinum
367 1937 472 2017 beati
491 1937 629 2039 Egidii,
654 1965 727 2017 nec
746 1940 942 2018 dimittent
959 1942 1197 2042 aliquatenus
1215 1937 1435 2016 indecisam.
1482 1923 1657 2016 Tandeni
1690 1947 1697 1962 ‘
1840 1951 1844 1962 '

120 2044 232 2132 -quia
256 2043 379 2111 visum
404 2035 473 2112 fnit
492 2036 745 2132 universitati,
771 2041 875 2139 quod
894 2037 1002 2114 hmoi
1022 2047 1217 2134 negotium
1242 2060 1311 2137 per
1330 2032 1527 2138 pauciores
1552 2063 1657 2114 corn·

1 2207 2 2210 ,
142 2130 303 2246 moditps,
329 2161 442 2248 quani
465 2135 538 2236 per
556 2148 675 2211 totam
698 2135 983 2214 universitatem
1004 2144 1143 2212 civium
1159 2146 1383 2211 tractaretur
1404 2145 1444 2214 et
1464 2133 1659 2214 decidere·

142 2239 223 2319 tur,
257 2256 337 2332 ipsa
360 2232 582 2314 universitas
602 2247 827 2335 potestatem
845 2233 918 2312 sibi
938 2233 1109 2309 traditam
1134 2259 1156 2308 a
1181 2231 1413 2334 principibus
1431 2231 1655 2332 supradictis

141 2324 250 2404 dedit
270 2348 309 2406 et
322 2329 473 2406 tradidit
487 2331 599 2408 'nobis
615 2329 753 2410 Ottoni
775 2351 813 2410 et
829 2330 915 2406 XII.
930 2329 1011 2407 aliis
1030 2355 1143 2432 supra
1157 2325 1318 2430 scriptis,
1333 2327 1398 2430 qai
1418 2325 1532 2408 etiarn
1545 2342 1653 2406 auto·

102 2449 109 2456 ·
141 2421 256 2503 ritate
281 2451 390 2528 supra
416 2441 551 2529 scripta
581 2428 634 2505 sic
667 2428 887 2518 arbitrando
915 2427 1123 2508 decidimus
1148 2439 1397 2508 memoratam
1414 2423 1657 2508 discordiam

142 2521 223 2599 sive
245 2525 504 2622 questionem,
526 2525 725 2618 videlicet,
756 2539 802 2604 ut
825 2525 1026 2626 memorati
1052 2525 1244 2628 principes
1270 2551 1314 2601 ac
1339 2550 1473 2605 eorum
1498 2521 1655 2627 succes-j

94 2679 97 2686 .
140 2643 245 2696 sores
270 2621 358 2698 cudi
383 2621 523 2700 iaciant
544 2624 790 2703 concorditer
813 2640 854 2702 et
878 2631 1203 2704 communiter
1227 2620 1437 2724 Ratispone
1457 2635 1657 2699 monetam
1691 2686 1696 2698 .

141 2715 338 2818 Ratispon.·
362 2713 469 2820 juxta
488 2723 637 2822 pondus
659 2735 699 2802 et
720 2727 900 2815 valorem,
924 2722 997 2804 sub
1020 2719 1158 2824 quibus
1177 2733 1257 2824 ipsa
1277 2731 1433 2796 moneta
1456 2718 1651 2822 Ratispon.

1 2859 2 2864 =
141 2813 229 2887 cudi
249 2814 295 2888 ab
315 2826 479 2916 antiquie
492 2819 725 2922 temporibus
739 2833 944 2913 consuevit,
969 2843 1043 2896 nec
1064 2843 1212 2895 cursum
1227 2811 1397 2920 ejusdem
1413 2837 1572 2896 monete
1584 2823 1655 2892 im·

11 3011 15 3022 ι
140 2909 297 3082 pediam
320 2916 384 2990 vel
410 2913 609 2994 inhibeant
646 2918 737 2994 dicti
761 2917 984 3034 principes,
1006 2917 1070 2994 rel
1094 2942 1239 2998 eorum.
1254 2917 1368 3036 alter,
1398 2915 1462 2994 vel
1486 2922 1654 3018 ipsorum
1744 2929 1750 2936 '

169 3032 475 3114 uccessoresper
492 3037 544 3103 se,
569 3017 632 3093 vel
653 3039 724 3117 per
745 3039 997 3116 quoscunque
1021 3013 1124 3107 altos,
1148 3013 1218 3116 sed
1243 3026 1422 3122 tueantur
1441 3029 1492 3094 et¹
1504 3037 1655 3114 promes

140 3125 257 3184 veant
274 3119 363 3184 totis
380 3109 520 3188 viribm
539 3124 653 3214 atque
675 3137 785 3214 posse
806 3136 877 3188 suo
899 3135 1051 3188 curstun
1072 3124 1111 3190 et
1130 3111 1347 3194 libertatem
1375 3111 1546 3212 epusdem
1572 3135 1657 3185 rno-

7 3223 31 3258 ·-
140 3216 234 3281 nete
257 3229 327 3306 per
350 3218 480 3282 toturn
500 3209 695 3286 Ducatum
718 3207 911 3304 Bawarie,
943 3231 1061 3312 quem
1088 3229 1128 3288 et
1152 3236 1264 3310 quam
1292 3205 1460 3285 obtinuit
1481 3207 1531 3286 ab
1558 3215 1655 3284 enti·

29 3367 32 3374 ,
170 3327 233 3376 uo.
292 3305 579 3388 Pronuntiamns
605 3307 720 3384 eriam
751 3305 989 3400 arbitrando,
1029 3305 1224 3384 nedictus
1247 3307 1421 3383 dominus
1446 3303 1651 3382 Heinricus

182 3424 232 3472 ux
257 3398 433 3478 Bavvarie
458 3405 522 3480 vel
544 3411 602 3479 sui
619 3405 867 3482 successores
889 3407 1069 3508 deinceps
1096 3413 1137 3480 in
1161 3403 1432 3480 bande-shut
1461 3403 1527 3480 vel
1547 3401 1639 3494 alibi

139 3507 381 3598 preterquam
407 3495 449 3576 in
477 3498 675 3598 Oettng,
706 3519 901 3579 monetam
922 3501 1035 3580 aliam
1062 3503 1150 3580 cudi
1172 3502 1309 3580 faciant
1330 3503 1394 3578 vel
1469 3505 1655 3606 rmitta'n,

142 3620 255 3709 quam
283 3611 476 3671 monetam
507 3595 700 3698 Ratispon.
734 3612 773 3676 et
802 3597 878 3678 hoc
901 3599 1025 3700 ipsum
1051 3609 1091 3675 in
1115 3625 1276 3702 persone
1308 3597 1375 3676 dni
1435 3597 1550 3675 lberti
1575 3597 1654 3672 iia-

68 3769 72 3777 ,
140 3705 279 3792 trspon.
296 3685 371 3792 Epi
394 3717 438 3768 ac
455 3691 739 3772 successoribus
760 3697 985 3775 arbitramur
1005 3695 1132 3798 ipsius,
1155 3712 1194 3776 et
1214 3697 1289 3786 nec
1309 3723 1397 3772 cum
1415 3695 1519 3772 dicto
1538 3695 1654 3784 Duce

142 3803 183 3868 et
204 3789 280 3866 suis
301 3789 599 3884 Successortbut,
623 3818 696 3870 nec
720 3818 790 3896 per
808 3819 848 3870 se
874 3806 955 3896 sine
977 3793 989 3870 i
1017 3821 1060 3872 so
1090 3796 1203 3892 Duce
1225 3795 1328 3872 idern
1351 3793 1457 3895 Epus
1480 3795 1545 3872 vel
1562 3793 1655 3869 soc

143 3910 307 3964 cessores
328 3899 460 3989 ipsius,
483 3890 547 3978 vel
569 3887 661 3964 Dux
685 3917 774 3970 cum
794 3888 880 3994 Epo
902 3887 965 3970 vel
986 3819 1272 3971 decernor-ibus
1291 3890 1425 3994 ipsius,
1450 3893 1514 3968 'vel
1535 3890 1655 3969 etiem
1684 3909 1699 3942 ⁸

143 3993 224 4060 sine
243 3985 331 4084 Epo
353 3987 417 4063 vel
444 3993 517 4062 suis
541 3985 824 4082 successoribus
851 3991 927 4067 hoc
950 3989 1086 4067 faciant
1109 3987 1194 4066 fieri
1214 3989 1278 4068 vel
1304 3988 1537 4090 permittant.
1600 3989 1656 4066 Et

142 4101 187 4156 ut
203 4081 305 4156 ltmoi
330 4095 502 4160 nostrum
522 4083 890 4168 arbitriumfirmum
914 4105 954 4164 et
971 4103 1094 4164 ratum
1115 4106 1338 4187 permaneat
1358 4114 1402 4202 ac
1424 4081 1576 4202 penitus
1595 4095 1654 4162 in·⁸
1743 4115 1760 4144 κ

141 4179 615 4282 convulsumarbitrando
638 4185 936 4294 pronuntiamus,
962 4187 1067 4298 quqd
1088 4185 1293 4295 sepedicti
1316 4209 1507 4322 prmcppcs
1530 4185 1654 4294 nomn
