3684 4804
763 290 1120 372 mmuh.

168 483 340 548 sretsere
367 473 407 540 et
422 469 683 558 sugentem
713 421 854 536 dilecte
883 469 923 534 in
942 459 1039 560 Xpo
1062 470 1209 534 sorores
1238 417 1487 536 inhabitantes
1513 437 1672 562 supradi-

118 615 119 618 =
169 574 278 650 ci‘um
301 558 574 640 monisterium
594 561 693 634 adeo
713 568 787 636 sint
815 557 1032 648 constricte,
1057 557 1162 656 quod
1183 557 1231 629 ad
1252 558 1441 633 audienda
1462 557 1671 636 divinorum
1734 633 1737 640 ,

33 663 37 666 ’
88 715 92 722 ·
167 659 295 743 officia
328 672 434 746 extra
458 682 568 730 suum
597 652 875 732 Monosterium
911 651 999 753 ipsis
1031 679 1113 727 raro
1141 655 1251 728 liceat
1279 653 1367 728 alias
1396 655 1583 733 Ecclesias
1607 657 1673 736 ira·

51 803 57 810 -
169 763 364 868 quentsre,
389 751 614 836 auctoritate
633 749 834 826 Ordinaria
856 750 1032 826 duximus
1051 749 1405 849 impermutabiliter
1424 743 1674 849 stirpandum,

46 873 48 880 '
168 857 274 958 quod
290 852 448 954 quilibet
462 847 646 926 Sacerdos
666 849 809 925 habens
825 849 1058 947 prebendam
1073 855 1114 921 in
1124 847 1356 923 Munasterio
1370 853 1594 950 supradicto,
1610 873 1675 928 sta.

168 966 256 1035 tuto
276 972 451 1058 tempere
466 945 507 1022 in
528 948 665 1021 eodem
685 965 894 1044 exequatur
911 959 951 1019 et
970 958 1119 1042 peragat
1128 939 1308 1019 Officium
1324 971 1391 1021 sue
1407 947 1517 1024 misse
1530 949 1678 1049 propria

168 1048 211 1128 in
234 1073 406 1150 persona,
430 1043 492 1135 its,
526 1043 632 1141 quod
655 1042 828 1141 quolibet
852 1041 999 1116 dierum
1028 1065 1097 1118 sue
1121 1019 1348 1118 obedieticie
1367 1067 1435 1118 seu
1458 1048 1677 1144 septimane,

165 1152 360 1258 'quaeum
395 1151 593 1236 contingit,¹
620 1151 766 1212 tantum
790 1139 960 1214 ‘celebret
989 1165 1103 1219 unam
1131 1148 1290 1231 missam,
1326 1165 1399 1215 nec
1433 1167 1503 1241 pro
1531 1165 1577 1219 se
1605 1148 1678 1219 ullo

168 1236 545 1341 temporeVioariuro
569 1236 732 1348 aliquem
755 1235 971 1329 constituat,
988 1236 1070 1311 nisi
1090 1238 1138 1310 de
1161 1249 1264 1310 sarta
1285 1235 1442 1314 scientis
1464 1253 1503 1314 et
1527 1242 1678 1316 licentis

101 1351 128 1408 J
171 1341 285 1430 abbe,
337 1359 427 1419 uem
452 1331 575 1411 eciam
598 1333 788 1427 Vrcariurn
814 1333 905 1407 bina
932 1332 1196 1410 celebracione
1222 1338 1397 1408 volumus
1428 1347 1521 1410 tunc
1544 1361 1680 1414 carere.

102 1499 105 1504 ,
170 1437 223 1520 Et
249 1449 291 1511 ut
350 1442 426 1509 moi
455 1441 640 1507 statutum
670 1453 783 1506 nrum
820 1429 964 1506 firmius
995 1428 1229 1518 observatur,
1268 1431 1369 1506 hano
1400 1443 1540 1532 penam
1568 1445 1681 1510 trans-

172 1531 401 1632 messoribus
418 1530 593 1604 duximus
612 1525 868 1622 infligendam,
894 1526 998 1628 quod
1019 1553 1088 1627 per
1107 1549 1374 1626 quemcunque
1393 1537 1588 1606 servatum·
1604 1557 1683 1608 non
1768 1534 1774 1622 ',

172 1631 302 1720 luerit,
334 1627 653 1729 quemadmodum
679 1637 735 1700 est
756 1625 1016 1724 prescriptum,
1048 1620 1219 1724 ejusdem
1243 1628 1438 1723 prebenda
1462 1637 1600 1704 vacare
1624 1629 1685 1704 de·

154 1727 242 1822 bet
261 1739 342 1834 ipso
365 1723 482 1814 ‘iacta
512 1721 596 1798 sine
622 1721 871 1796 reliabicionis
896 1747 974 1820 spe,
1006 1745 1075 1820 per
1100 1722 1238 1796 abbam
1267 1737 1309 1797 et
1338 1721 1579 1800 Conveniunt
1612 1725 1686 1801 loci

48 1843 51 1848 ·
139 1875 140 1880 ,
172 1827 233 1906 alii
264 1821 505 1912 conferenda,
528 1831 570 1896 et
598 1818 630 1893 si
651 1817 744 1893 abba
770 1829 809 1894 in
837 1817 943 1894 hrnoi
976 1817 1196 1895 Collacione
1225 1817 1376 1894 remissa
1401 1843 1481 1898 esse
1503 1821 1601 1899 veiis
1624 1845 1687 1900 seu

173 1944 329 2024 parcere
358 1915 628 2013 transgressori,
659 1921 721 1996 vel
743 1915 774 1993 si
798 1914 1023 1993 Conventus
1049 1941 1129 1991 non
1153 1917 1452 2015 proclamaverit,
1482 1939 1557 1996 nec
1591 1919 1687 1998 abbe
1726 1953 1728 1958 ’

172 2022 236 2096 vel
258 2017 365 2092 nabis
393 2013 674 2100 denuntiaverit
698 2023 1040 2108 transgressionem,
1072 2016 1249 2087 volumus
1272 2028 1312 2089 et
1349 2029 1537 2113 perpetuo
1557 2015 1691 2099 statui·-¹

175 2135 261 2191 tuus
285 2112 571 2203 observandum,
600 2123 644 2184 ut
666 2108 761 2183 abba
784 2134 832 2184 ex
859 2123 953 2184 tune
979 2111 1027 2184 ab
1048 2109 1215 2205 ingressu
1230 2111 1425 2203 'Ecclesia
1449 2131 1490 2188 et
1512 2111 1689 2192 Conven·

173 2225 237 2288 tus
267 2199 446 2300 edivinis
474 2219 625 2308 penitus
647 2206 720 2282 sint
741 2229 930 2304 suspense,
963 2225 1002 2283 et
1032 2219 1103 2280 nisi
1126 2207 1224 2284 abba
1260 2207 1315 2282 sic
1341 2229 1517 2308 suspensa
1547 2211 1690 2288 deinde

174 2311 268 2385 inira
290 2307 547 2410 quindennem
569 2302 777 2380 correxerit
794 2307 1044 2410 supradictam
1060 2305 1250 2380 continue
1269 2305 1516 2406 subsequenti
1535 2310 1692 2408 scipen-
1792 2381 1807 2390 ,,

174 2406 283 2498 sioni,
316 2405 365 2480 ab
390 2403 715 2485 administratione
741 2423 806 2474 stra
836 2419 910 2472 tam
936 2409 975 2476 in
997 2397 1260 2498 spiritualibus,
1287 2427 1401 2501 quant
1430 2403 1472 2478 in
1500 2417 1692 2505 tempora·

108 2593 109 2598 ,
174 2503 275 2580 libus
297 2495 519 2601 subjacebit.
556 2497 617 2575 -si
643 2501 735 2574 ver'o
767 2497 1010 2595 postmodum
1038 2521 1107 2593 per
1132 2495 1243 2572 aliam
1272 2497 1533 2598 quindennem
1565 2501 1695 2602 proxi.

174 2625 277 2676 mans
300 2597 541 2694 negligenter
562 2607 692 2692 ageret
715 2595 757 2669 in
778 2591 976 2695 premissis,
1001 2591 1417 2672 Excomntunicationis
1439 2595 1485 2674 sit
1509 2597 1692 2676 innodm

175 2695 384 2772 Seniencie
417 2693 498 2791 ipso
527 2692 642 2786 iacta,
674 2690 718 2770 in
750 2688 858 2791 cujus
886 2689 1305 2772 Excomntunicationis
1333 2692 1538 2785 sentencie,
1580 2695 1612 2770 si
1645 2695 1692 2771 ad

61 2863 64 2875 ,
176 2817 300 2873 unum
336 2797 507 2866 rnens'em
542 2787 769 2865 continuum
802 2785 1009 2887 perstiterit
1041 2787 1177 2892 auimo,
1204 2789 1399 2889 pertinaci,
1436 2798 1486 2866 dx
1516 2803 1614 2870 tunc
1645 2791 1692 2866 ab

176 2887 335 2965 abbacie
357 2899 432 2962 'sue
455 2887 562 2964 cedat
586 2883 782 2984 regimine,
808 2898 848 2961 et
872 2885 919 2960 sit
941 2885 1113 2984 deposita
1137 2886 1150 2960 i
1176 2911 1220 2962 so
1245 2886 1357 2964 lacto.
1404 2888 1506 2962 Item
1529 2890 1605 2963 sub
1626 2911 1691 2988 pe·

79 3021 81 3026 ·
177 3013 228 3064 na
250 2983 419 3086 predicta
437 2989 649 3073 statuimus,
673 2993 718 3054 ut
740 3005 828 3053 cunt
848 2979 1111 3056 subdiaconus
1134 2915 1267 3082 aiiquis
1295 2981 1338 3058 in
1363 2983 1534 3083 predicta
1559 2987 1691 3062 Eccle-

177 3083 230 3160 sia
265 3081 521 3188 prebendatus
553 3077 705 3153 ordines
747 3077 965 3171 diaconattn
1002 3090 1202 3176 receperit,
1241 3080 1435 3192 prebenda
1452 3107 1534 3156 -sua
1570 3093 1690 3172 vacat,
1809 3135 1812 3174 ,

153 3185 160 3232 ,·
178 3205 293 3280 quam
327 3177 370 3252 in
400 3175 674 3260 subdiaconatu
704 3174 842 3266 tenuit,
878 3173 961 3274 ipso
993 3173 1110 3266 'factm
1148 3177 1271 3254 alien·
1287 3175 1535 3253 Subnscoso
1565 3178 1692 3256 conio}

156 3277 307 3363 'remla
333 3285 373 3350 et
392 3272 469 3348 hoo
488 3273 614 3372 ipsunt
634 3271 682 3347 de
706 3272 866 3346 diacono
894 3272 943 3345 ad
967 3270 1246 3376 presbyteratus
1260 3273 1433 3352 ordinent
1455 3279 1692 3378 procedente

178 3371 343 3467 intelligi
375 3373 550 3446 volumus
587 3383 626 3447 et
648 3367 799 3457 servari,
825 3366 887 3458 ita,
922 3368 1028 3468 quod
1059 3369 1236 3448 cuilibet·
1252 3371 1449 3471 prebenda¹
1477 3375 1693 3450 secundum

179 3481 320 3548 statum
348 3466 407 3542 sui
431 3467 565 3568 gradus
596 3479 636 3544 et
667 3463 809 3540 ordinis
830 3465 1054 3565 deputetur.
1113 3466 1333 3563 ‘Prehendas
1366 3469 1480 3548 etiam
1517 3469 1691 3546 omnium

181 3585 417 3668 quocunque
451 3587 540 3639 casu
572 3565 635 3640 vel
668 3569 847 3662 pretextu
875 3565 974 3636 ultra
1000 3561 1169 3660 spacium
1198 3575 1305 3639 unius
1337 3564 1428 3641 anni
1458 3566 1691 3657 absencium,

182 3663 253 3741 etsi
278 3673 356 3760 ipsa
378 3658 553 3740 absencia
584 3660 633 3734 de
662 3682 853 3734 cousensu-
880 3657 980 3752 abbe
1005 3659 1240 3760 processerit,
1271 3662 1445 3738 similiter
1469 3687 1605 3740 vacare
1629 3687 1692 3738 vo·

181 3761 318 3852 lomus,
350 3768 390 3834 et
422 3754 590 3858 presenti
617 3755 791 3846 conferri,
830 3753 897 3856 qui
928 3772 1013 3830 eam
1051 3757 1296 3856 corporaliter
1330 3763 1452 3836 valeat
1486 3762 1692 3836 deservire:

183 3881 288 3934 nunc
316 3869 444 3931 autent
471 3853 643 3930 absentes
672 3855 720 3925 'ad
749 3853 997 3928 residenciatn
1028 3853 1096 3928 sub
1115 3877 1217 3956 pena
1243 3855 1454 3932 vacaeionis
1482 3855 1693 3972 prebenda·
1743 3897 1755 3922 s

183 3979 270 4029 rum
296 3977 443 4028 suarum
468 3960 571 4036 citari
600 3951 772 4024 volumus
799 3961 837 4025 et
865 3949 1097 4048 mandamns.
1157 3953 1307 4028 Statuto
1339 3963 1457 4029 eciam
1484 3949 1693 4028 inviolabili

185 4061 412 4151 precipimus
441 4069 479 4126 et
505 4046 729 4137 ordinamus,
764 4069 815 4121 ne
834 4047 933 4120 abba
968 4049 1030 4122 vel
1057 4045 1280 4127 Conventus
1304 4049 1523 4127 monasterii
1557 4071 1691 4150 preno·

73 4163 82 4168 “
185 4146 268 4232 tati·
289 4146 503 4246 parochiam
537 4171 654 4239 suam,
687 4143 728 4224 in
761 4168 836 4244 qua
863 4141 987 4234 cidem
1016 4141 1232 4225 Contemni
1261 4145 1390 4232 divina
1420 4145 1530 4244 fiunt,
1565 4159 1607 4228 et
1633 4144 1693 4221 Sa·
