3710 4838
691 351 699 371 w,
758 351 840 406 ,Φ
888 317 1123 438 ΜΨ
1364 329 1366 338 ,

454 543 571 628 Num
597 530 702 632 nit
753 534 1058 621 mvn'ntunit
1107 541 1166 621 Ex
1192 527 1400 644 originali
1521 637 1528 650 ἱ
1605 575 1616 595 r
1662 513 1666 524 ’

69 703 72 710 ⁴
285 667 461 790 concordis
486 722 573 799 inter
591 717 812 781 ministeriales
833 713 1033 797 Frisingensis
1060 722 1094 778 et
1112 717 1273 780 iistisiron·
1298 679 1453 784 Ecdiciae*
1472 697 1562 785 fietus

56 865 60 876 ·
187 850 198 924 ,“
237 859 660 952 ‘'Nos'Chunradus
683 855 894 970 frisingen.
926 873 965 938 et
995 859 1092 941 Leo
1120 861 1366 964 Ratisponen.
1398 863 1432 942 E
1461 865 1492 960 i,
1530 865 1677 944 univer·
1806 881 1809 888 '

165 969 217 1048 ris
239 981 434 1076 presentes
457 963 600 1053 litteras
624 971 681 1044 ins
710 959 847 1044 ecturis
868 961 1044 1040 volumus
1070 977 1318 1055 essenorum,
1344 892 1560 1066 quodcum
1579 975 1681 1058 inter,
1745 1018 1748 1028 ·

119 1156 122 1164 y
166 1067 341 1152 dilectos
361 1063 493 1150 fideles
516 1081 604 1150 nros
630 989 838 1138 Aiiiardnm
862 1060 910 1143 de
944 1058 1258 1152 Vrovvenhoven,
1296 1065 1402 1138 ceter
1473 1087 1521 1138 ue
1551 1061 1678 1138 minis·
1825 1153 1826 1162 Ν

67 1211 75 1228 ·
164 1165 318 1246 teriaies
345 1165 393 1241 et
413 1160 588 1238 homines
607 1154 738 1234 E'cclie
767 1151 1012 1271 Ratisponen.
1047 1181 1095 1233 ex
1121 1183 1196 1232 una
1226 1172 1352 1260 parte,
1387 1175 1425 1238 et
1477 1157 1676 1238 ibotonem
1785 1245 1794 1262 γ

86 1318 95 1338 s
167 1265 313 1344 dictum
337 1260 545 1338 Chiaechei
573 1271 612 1334 et
640 1255 1091 1356 reliquosmmisteriales
1113 1255 1244 1334 Ecciie
1265 1253 1470 1354 Frisingcn.
1497 1283 1547 1335 ex
1564 1261 1678 1338 altera

85 1379 88 1400 ¹
163 1361 288 1460 gravis
308 1359 438 1445 inisset
461 1369 594 1434 exorta
623 1352 780 1430 materia
810 1353 1030 1454 questionis,
1063 1378 1112 1430 cx
1136 1352 1334 1450 incendiis,
1366 1355 1519 1458 rapinis,
1551 1368 1591 1434 et
1611 1355 1676 1430 ho-

163 1458 338 1549 micidiis,
370 1451 695 1557 captivationibus,
729 1450 1119 1552 depecuniationibus,
1153 1469 1192 1530 et
1218 1446 1298 1528 aliis
1325 1453 1479 1531 diversis
1506 1453 1678 1553 darnpnis

120 1579 123 1586 ·
165 1557 377 1641 enormiter
399 1573 597 1654 qggravata
626 1562 667 1626 in
696 1561 856 1644 tantum,
889 1551 995 1650 quod
1023 1573 1071 1626 ex
1092 1547 1268 1627 diuturne
1295 1551 1677 1646 discordiacrescere

120 1663 141 1728 .“
162 1653 594 1747 timeretur,consensu
622 1645 791 1724 unanimi
819 1663 866 1740 et,
883 1647 1070 1726 benevola
1094 1647 1303 1727 Voluntate
1320 1647 1361 1726 in
1380 1653 1496 1725 talem
1516 1649 1679 1727 sormam

162 1753 430 1846 convenimus,
460 1743 736 1834 deliberatione
769 1771 857 1820 cum
887 1747 964 1822 uris
993 1744 1222 1831 Consiliariis
1251 1747 1447 1848 prehabito
1486 1747 1682 1845 diligenti,

108 1859 111 1864 ’
190 1843 281 1928 uod¹
298 1848 555 1951 quidcunque·
574 1844 688 1928 fuerit
707 1844 914 1946 questionis
940 1845 1041 1920 inter
1066 1871 1136 1918 nos
1164 1859 1201 1918 et
1219 1847 1365 1920 Ecciias
1393 1871 1490 1938 nras,
1523 1861 1567 1924 et
1593 1871 1679 1948 pre·

79 1949 80 1954 ’
162 1879 289 2026 dictos
319 1945 452 2026 fideles
476 1971 577 2036 uros,
609 1963 648 2021 et
676 1967 933 2044 quoscunque,
949 1943 1042 2017 aiios
1068 1939 1178 2016 nobis
1205 1940 1398 2043 subjectos
1429 1960 1469 2020 et
1495 1947 1550 2019 ad
1575 1971 1684 2021 nmm

160 2045 332 2126 Ecciiam
359 2043 609 2146 pertinentes,
630 2039 679 2124 sit
703 2041 745 2116 in
772 2041 929 2118 arbitrio
957 2053 996 2116 et
1018 2037 1264 2116 arbitratione
1289 2054 1356 2119 seit
1377 2041 1567 2120 Virorum
1589 2043 1687 2120 inira

80 2192 83 2196 -
160 2145 389 2254 scriptorum
422 2144 471 2222 ad
499 2141 622 2220 hoca
649 2139 761 2215 nobis
790 2136 1050 2240 communiter
1074 2139 1283 2213 electorum
1310 2139 1382 2231 ita,
1417 2155 1461 2216 ut
1525 2141 1686 2242 nicquid

160 2239 233 2342 ipsi
252 2240 485 2333 arbitrando,
516 2239 581 2318 vel
609 2248 654 2320 ut
676 2236 884 2338 vulgariter
909 2235 1115 2348 loquimur,
1141 2217 1423 2330 iententialiter
1451 2237 1489 2314 di
1525 2241 1685 2318 'niendo

88 2376 118 2426 -,
159 2342 223 2415 vei
250 2337 501 2415 amicabiliter
526 2337 797 2436 componendo
828 2357 941 2434 super
970 2335 1080 2408 dictrs
1106 2335 1370 2431 questionibus
1400 2337 1587 2416 duxerint
1613 2349 1683 2414 sta-

53 2439 56 2448 '
159 2438 369 2530 tuendum,
400 2450 522 2514 ratum
543 2460 564 2510 a
589 2431 701 2510 nobis
728 2452 809 2512 eta
834 2430 944 2509 dictis
968 2429 1137 2530 partibus
1159 2435 1387 2508 omnimodis
1403 2433 1626 2514 habeaturs'
1653 2443 1684 2511 si

131 2536 252 2614 'vero
271 2533 364 2612 dicti
382 2558 450 2615 sex
473 2529 605 2609 arbitri
631 2533 710 2610 nou
736 2530 932 2632 potuerint
958 2529 1199 2624 concordare,
1227 2531 1405 2637 elegimus
1430 2533 1692 2632 concorditer

112 2719 117 2730 ¹
160 2646 201 2710 et
222 2631 488 2735 assumpsimus
507 2632 626 2706 dnum
643 2628 894 2722 Ludovicum,
919 2629 1110 2704 Illusirem
1132 2626 1340 2729 palatinum
1361 2627 1562 2712 Comiiem
1582 2631 1684 2706 Rbe-

29 2769 30 2772 *
157 2742 225 2826 ni,
252 2731 389 2808 ducem
415 2733 584 2810 Bavvsrie
602 2751 680 2836 ,pro
712 2726 903 2812 coarbitro
935 2738 1095 2828 septimo
1134 2727 1354 2826 arbitratore
1386 2731 1451 2804 vei
1486 2725 1684 2830 amicabili
1767 2793 1769 2800 .

159 2827 428 2928 compositore,
460 2826 524 2912 sic,
553 2827 657 2926 quod
685 2825 870 2926 quicquid
899 2826 907 2842 '
936 2850 977 2902 se
1004 2852 1091 2901 cum
1117 2824 1295 2925 predictis
1318 2824 1467 2902 arbitris
1498 2833 1565 2910 vel
1595 2837 1685 2900 cuni

187 2927 266 3002 arte
297 2937 441 3016 eor'urn,
466 2926 528 2998 vel
549 2946 676 3024 perse
695 2927 819 2998 solum
843 2921 889 2998 in'
936 2932 1015 2998 'ctis
1039 2919 1299 3021 questionibus
1323 2923 1478 3001 duxerit
1502 2925 1684 3002 ordinan-

154 2949 262 3115 dum,
287 3042 410 3098 ratum
436 3013 475 3098 et
498 3017 651 3104 firmum
673 3047 694 3095 a
715 3019 824 3102 nobis
848 3039 887 3097 et
905 3046 929 3095 a
948 3019 1112 3120 partibus
1135 3034 1321 3112 teneatur.
1370 3019 1410 3097 Si
1432 3047 1530 3118 vero
1556 3015 1687 3098 dictus

63 3126 68 3138 '
142 3117 377 3214 ,Ludovicus'
399 3121 509 3208 Dux,
542 3107 604 3200 vel
632 3117 766 3218 aliquis
790 3143 840 3199 err
860 3119 1009 3200 arbitris
1033 3117 1251 3220 supradictis
1278 3117 1465 3200 decisioni
1491 3122 1693 3221 predicta--

140 3219 243 3296 'rum
268 3229 509 3318 questionum
537 3243 619 3306 non
647 3217 815 3316 potuerit
837 3219 901 3293 vel
921 3215 1088 3291 noluerit
1117 3227 1316 3308 interesse,
1353 3227 1393 3292 in
1420 3244 1496 3294 nro
1523 3229 1600 3297 erit
1628 3243 1701 3296 ar·.

155 3313 270 3394 bitrio
296 3313 602 3405 sive'voiuniate,
627 3313 816 3389 inlocum
841 3311 1006 3392 absentis
1026 3317 1088 3403 vei
1109 3311 1321 3394 absentium
1345 3315 1519 3392 nolentis
1544 3319 1611 3395 vel
1626 3317 1682 3391 lo-

153 3411 318 3500 lentium
341 3412 457 3489 aliurn
483 3414 546 3488 vei
567 3414 658 3498 alios
685 3410 914 3508 subrogare-r
961 3407 1171 3513 Adjectum
1193 3426 1249 3488 est
1273 3422 1389 3494 etiam
1416 3439 1440 3487 a
1466 3414 1608 3506 nobis,
1640 3430 1684 3486 ut
1723 3427 1739 3469 ⁸

154 3509 347 3589 arbitrium
368 3509 448 3584 sive
476 3508 714 3608 Compositio
736 3533 864 3609 usque
884 3509 934 3590 ad
958 3509 1095 3584 festum
1120 3508 1222 3586 beati
1246 3510 1477 3586 Michahelis
1495 3522 1683 3613 proxime

29 3681 30 3684 ,
152 3629 360 3708 venturum
380 3629 451 3708 per
473 3606 592 3680 dictos
611 3605 770 3691 arbitros
792 3609 854 3684 vel
874 3603 1092 3684 substitutos
1113 3605 1266 3685 eisdem.
1278 3607 1360 3684 sine
1383 3620 1571 3708 captione
1591 3635 1696 3710 qua-¹

29 3763 30 3808 7
153 3709 263 3801 libet,
287 3705 367 3788 sive
391 3716 586 3804 presentes
612 3703 902 3818 partes-,suerint
925 3704 1003 3782 sive
1029 3731 1120 3798 non,
1146 3701 1235 3807 juris
1258 3705 1394 3782 or‘dine
1414 3709 1480 3782 vei
1500 3705 1682 3783 amicabi-

29 3817 30 3880 i
153 3803 240 3885 liter
265 3812 507 3892 terminetur,
541 3813 580 3878 et
601 3815 633 3876 si
649 3803 788 3878 abesse,
811 3801 1019 3898 contigerit
1038 3801 1158 3877 dnum
1186 3802 1424 3879 ludovicum
1453 3809 1683 3905 predictum

29 3903 30 3962 ³
153 3905 217 3980 vei
243 3906 330 3978 alias
358 3899 550 4001 impediri,
571 3897 692 3998 ¹qno‘d
719 3898 903 3976 decisioni
931 3901 1185 4000 predictarum
1213 3898 1469 4002 questionum,
1491 3903 1596 3981 inira
1626 3901 1682 3979 fe«

65 4013 71 4023 ‘
154 4012 256 4092 sitim
288 3997 392 4076 beati
425 3997 649 4074 Michahelis
679 4007 849 4096 superins
877 3999 1117 4074 nominatum
1148 4024 1232 4074 non
1263 3999 1446 4099 potuerit·
1474 3999 1695 4092 interesse,
1824 4089 1826 4100 Α

47 4104 51 4114 ’
154 4119 351 4200 processus
371 4094 517 4172 arbitrii
540 4092 620 4170 sive
644 4091 742 4174 Com
771 4093 946 4172 ositionis
962 4094 1169 4181 amicabilis
1191 4094 1262 4172 sub
1285 4109 1401 4197 pactis
1423 4115 1464 4176 et
1487 4101 1681 4176 conditio-
1725 4107 1728 4112 '

50 4267 53 4274 ,
155 4197 266 4274 nibus
285 4191 545 4370 suprascriptis
571 4215 692 4294 usque
713 4121 768 4268 ad
782 4191 920 4268 festum
939 4194 1043 4270 beati
1062 4193 1220 4273 Martini
1241 4203 1415 4298 proximo
1432 4195 1681 4300 subsequens
1725 4252 1728 4260 ·

154 4305 419 4396 prorogetur„
516 4309 586 4374 unt
611 4291 728 4372 etiam
752 4288 864 4371 firme
889 4311 1021 4422 penge
1042 4305 1142 4372 inter
1165 4311 1309 4394 partes,
1351 4294 1481 4394 quoad
1507 4308 1677 4398 primum

1701 4597 1717 4632 Ι
