3718 4848
673 275 1042 362 „wittiar
1133 349 1186 384 ,,

77 469 78 472 ‘
136 446 323 552 obsequio
341 444 665 550 mancipatifsub
689 445 794 528 beati
812 443 918 526 Petri
942 465 985 525 et,
1001 455 1130 525 333133
1156 443 1398 551 protectione
1420 443 1645 551 macipimus

94 557 99 562 “
133 563 173 627 et
195 557 377 650 presentis
401 557 528 648 scripti
554 547 752 648 privilegio
777 546 1067 640 communimus,
1093 558 1313 640 statuentes,
1339 563 1382 622 ut
1401 571 1647 648 quascunque

130 657 399 751 possessiones,
433 670 663 820 quecunpue
692 649 795 722 bona
823 641 1158 724 eadem'Ecclesia
1181 645 1518 750 inpresentiarum
1544 637 1646 748 justia
1691 659 1697 662 ’

14 781 16 786 ’
133 771 178 824 33
196 744 469 838 rationabiliter
491 755 588 845 possi
619 756 668 838 et,
697 765 766 824 aut
788 743 828 818 in
846 744 1018 819 futurum
1042 745 1288 822 concessione
1302 741 1552 837 Pontificum,
1577 748 1648 822 lar·
1772 769 1782 789 ⁸

127 842 276 942 gitione
295 843 446 940 Regum
470 845 534 920 vel
552 843 779 944 principum,
812 841 1009 920 oblatione
1029 841 1212 944 fidelium,
1243 868 1312 920 seu
1338 840 1420 919 aliis
1438 835 1548 944 justis
1565 869 1647 918 mo-

128 943 186 1022 dis
202 959 400 1042 prestante
418 941 576 1040 donatio
593 953 739 1044 poterit
755 935 922 1041 adipisci,
938 937 1046 1044 firma
1062 939 1171 1020 'tobis
1191 941 1399 1042 vestrisque
1417 937 1648 1025 8333333331-

41 1052 49 1058 ’
126 1037 197 1119 bua
221 1053 262 1118 ct
278 1038 421 1116 illibata
466 1054 707 1136 ermaneapi5
732 1035 773 1115 in
793 1037 932 1140 quibus
950 1040 1023 1117 hec
1043 1065 1112 1142 pro
1142 1039 1205 1116 riis
1232 1037 1409 1116 duximus
1430 1051 1646 1140 exprimen-

124 1137 177 1217 da
201 1137 409 1216 vocabulis:
502 1165 590 1224 cum
611 1137 747 1238 ipsum,
772 1135 814 1212 in
837 1161 913 1238 quo
934 1137 1078 1240 prefata
1098 1070 1270 1237 Eicclesia
1289 1137 1358 1214 sita
1381 1155 1436 1214 est
1455 1163 1545 1214 cum
1564 1164 1646 1225 omf

124 1235 241 1320 nibus
261 1247 497 1336 pertinentiis
521 1233 609 1330 suis,
642 1235 1161 1331 Persen,·Wibelstori,
1191 1233 1333 1328 Salar,
1366 1234 1551 1328 W'erde,
1586 1237 1644 1312 11ss

74 1421 79 1427 ,
121 1333 409 1426 lenchoveu,
441 1333 789 1428 Lentiehovcn,
822 1333 1151 1424 Hazecboren,
1181 1333 1469 1430 Leuchinge,
1495 1335 1644 1412 trove·

35 1467 36 1472 ¹
127 1431 373 1523 chirchen,
399 1431 715 1530 Psalfenberg,
749 1432 1069 1523 Heimsacher,
1104 1430 1458 1538 Geislheriugc,
1483 1431 1649 1511 Tannc

119 1529 407 1618 eaditham
438 1530 626 1606 Ecclesias
654 1557 742 1606 cunt
767 1530 945 1608 omnibus
974 1528 1216 1632 pertinentiis
1252 1541 1338 1620 suis,
1373 1529 1569 1634 Capellam
1600 1540 1646 1608 iu

66 1722 69 1728 ι
125 1628 638 1714 Pouunechovencum
668 1629 843 1710 omuibus
871 1640 1107 1729 pertinentiis
1141 1626 1236 1720 suis,
1274 1628 1645 1722 Plelenchoven,

45 1817 49 1824 ¹
125 1727 497 1816 Hitencltoren,
543 1727 889 1818 Illenchoven,
936 1727 1322 1818 Bubenhousen,
1376 1725 1644 1822 Hovecbir·

24 1914 28 1920 .
126 1825 261 1914 chen,
292 1821 599 1920 Leuchinge,
644 1824 974 1918 Oelenthetm,
1018 1823 1324 1924 Wibclaltlorf,
1367 1823 1644 1919 Lierndorf,

125 1918 458 2016 Walkeringe,
489 1921 618 2016 Erel,
649 1921 1030 2000 ethartbousen
1064 1923 1179 2000 Villas
1204 1949 1291 2000 curn
1318 1919 1644 2021 omnibus'perti-
1730 1941 1749 2000 ,“
1778 2003 1784 2010 ,

38 2017 42 2024 ’
124 2017 267 2099 uentiis
285 2031 368 2110 suis,
395 2019 543 2112 allodia,
570 2045 644 2120 que
665 2020 936 2118 hovcmarchie
951 2020 1133 2104 ,dicuntur
1159 2047 1247 2098 cum
1272 2019 1370 2098 villis
1397 2031 1436 2094 et
1463 2019 1644 2100 omnibus

125 2115 368 2218 pertinentiis
394 2115 487 2208 suis,
522 2132 562 2200 et
588 2117 771 2210 decimas,
802 2144 893 2218 quas
920 2118 962 2193 in
992 2117 1136 2212 eisdem
1164 2115 1442 2196 hovemarchiis
1457 2119 1458 2130 ’
1476 2133 1515 2192 et
1541 2117 1643 2194 villis

154 2215 339 2313 ropunitis
363 2239 430 2290 vos
452 2215 613 2308 habero„
637 2216 771 2292 domos
793 2231 833 2292 et
856 2215 1002 2308 Curias,
1029 2241 1119 2322 qups
1144 2211 1392 2306 inhabitatis,
1406 2215 1454 2293 ad
1478 2215 1644 2294 eandem

124 2238 305 2390 1133113133
327 2313 379 2390 de
396 2309 743 2416 jure'spcctautes,
768 2337 820 2410 33
852 2313 940 2389 alias
966 2308 1220 2415 possessiones
1250 2322 1364 2414 ipsius
1395 2339 1485 2390 cum
1514 2325 1643 2422 pratis,

124 2408 258 2504 vineis,
289 2411 410 2501 terris,
443 2410 675 2506 nemoribus,
710 2408 873 2508 usuagiis
902 2423 942 2488 et
972 2407 1119 2512 pascuis
1153 2409 1342 2491 inbosco
1370 2421 1410 2489 et
1442 2411 1568 2514 planu,
1599 2423 1645 2494 in

124 2521 231 2610 aquis
251 2520 290 2588 et
310 2508 551 2602 molendinis,
573 2509 616 2586 in
636 2519 704 2587 viia
730 2530 768 2587 et
793 2508 948 2602 semitis,
973 2527 1013 2587 et
1035 2506 1210 2586 omnibus
1233 2509 1314 2586 aliis
1337 2510 1574 2588 libertatibus
1600 2523 1644 2588 et

124 2606 428 2686 immunitatibus
449 2607 535 2684 suis.
584 2611 830 2686 Cumautem
856 2610 1039 2705 generale
1058 2605 1307 2686 interdictum
1328 2622 1429 2708 terre
1447 2607 1577 2704 suerit,
1599 2607 1643 2684 li-

63 2723 68 2756 t
126 2721 210 2783 ceat
238 2705 356 2798 vobis,
385 2705 518 2782 clausis
536 2699 671 2809 januis,
704 2705 913 2784 interdictis
939 2707 982 2786 et*
999 2717 1333 2784 excommunicatis
1362 2705 1534 2799 33313313,
1558 2733 1642 2796 non

6 2841 7 2844 ¹
125 2802 278 2904 pulsatis
309 2804 509 2903 campanis,
535 2793 730 2920 suppressa
761 2829 860 2908 voce
878 2805 1009 2883 divitia
1035 2801 1159 2883 officia
1188 2805 1393 2896 celebrare,
1427 2802 1640 2882 dummodo

127 2927 275 2978 causam
294 2918 374 2976 non
400 2901 580 2977 dederitis
602 2901 820 3002 interdicto,
846 2929 920 2980 nec
939 2902 979 2979 id
996 2903 1195 3000 contingat
1217 2902 1326 2979 vobis
1347 2901 1561 3002 specialiter
1575 2912 1641 3000 ,iu-

40 3073 48 3092 ‚
126 2999 270 3074 terdici.
322 2997 594 3076 Ordinationes
617 3027 772 3115 quoque
794 3003 1029 3094 clericorum,
1057 2999 1123 3102 qui
1144 3003 1193 3076 ad
1214 2999 1363 3103 ordines
1386 2998 1528 3076 suerint
1553 3025 1639 3101 pro·
1673 3067 1691 3084 .
1739 3033 1749 3052 ·

35 3183 42 3196 ,
125 3093 318 3188 movendi,
343 3115 509 3174 avestro
532 3097 742 3200 suscipiatts
762 3097 860 3200 Epo,
895 3098 927 3175 31
948 3101 1104 3201 quidem
1130 3097 1335 3176 catholicus
1355 3095 1471 3182 suerit
1496 3117 1537 3175 et
1555 3125 1641 3197 gra·

125 3197 215 3272 tiam
245 3207 285 3271 et
304 3206 614 3272 communionem
638 3209 875 3290 sacrosancte
893 3197 1066 3276 Romane
1080 3196 1187 3274 Sedis
1210 3193 1409 3290 habuerit,
1426 3208 1465 3272 et
1487 3221 1549 3272 eas
1574 3221 1643 3276 vo.

122 3293 241 3372 luerit
264 3290 346 3376 sine
372 3292 554 3393 pueritate
582 3294 710 3398 aliqua
732 3295 929 3387 exhibere.
976 3297 1218 3397 Sepulturam
1239 3320 1397 3398 quoque
1416 3293 1537 3398 ipsius
1562 3297 1642 3375 loci

49 3427 66 3462 a
123 3390 282 3486 liberam
304 3413 383 3467 esse
400 3393 647 3488 decernimus,
671 3407 714 3470 ut
736 3417 866 3472 comm
889 3395 1084 3482 devotioni
1099 3413 1138 3474 et
1157 3408 1328 3494 estreme
1344 3397 1543 3487 voluntati,
1570 3391 1639 3507 qui
1726 3407 1735 3416 “

24 3561 30 3569 .
124 3509 166 3568 33
188 3486 267 3565 illic
287 3487 437 3588 sepeliri
462 3490 770 3583 deliberaverint,
804 3488 877 3568 nisi
898 3489 997 3574 sorte
1018 3492 1337 3571 excommunicati
1360 3495 1423 3570 vel
1445 3493 1641 3569 iraterdtcti

8 3619 16 3631 ⁷
124 3588 211 3678 sint,
236 3596 301 3660 aut
323 3584 436 3661 etiam
459 3587 612 3686 publice
632 3599 797 3684 usurarii,
822 3593 949 3668 nullus
973 3591 1138 3686 obsistat,
1164 3593 1261 3668 salta
1282 3585 1579 3694 tamcujustitia
1599 3595 1640 3668 il·

124 3687 247 3762 larum
268 3684 536 3772 Ecclesiamm,
567 3690 747 3789 aquibus
773 3701 1014 3765 mortuorum
1037 3713 1195 3791 corpora
1219 3699 1487 3766 assumuntur..
1515 3688 1641 3769 Deci·

125 3803 205 3858 mas
226 3788 400 3884 preterea
420 3794 461 3860 ct
492 3799 743 3883 possessiones
775 3789 824 3862 ad
846 3781 908 3888 jus
925 3787 1145 3867 2Eocliarum
1170 3801 1380 3876 vestrarum
1409 3799 1638 3888 spectantes,

127 3907 205 3982 quc
220 3908 252 3984 a
277 3879 380 3957 131313
408 3880 644 3976 detinentur,
676 3885 890 3962 redimendi
917 3899 958 3963 et
982 3886 1153 3983 legitime
1178 3885 1366 3962 liberandi
1387 3885 1437 3962 de
1463 3886 1642 3964 manibus

4 4061 10 4075 x
128 3983 275 4070 corum,
302 3993 342 4057 et
359 3981 408 4055 ad
427 3981 585 4072 Ecclias,
609 3985 657 4058 ad
675 4011 765 4085 quas
787 3982 991 4084 pertinent,
1016 3985 1220 4063 reuocandi
1239 3984 1360 4060 libera
1381 3983 1430 4060 sit
1452 3983 1563 4062 vobis
1588 3985 1640 4062 dc

125 4088 257 4162 nostra
274 4089 498 4154 auctoritate
514 4079 679 4158 facultas.
705 4081 792 4160 Paci
875 4107 975 4184 oque
996 4096 1035 4160 et
1055 4083 1310 4186 nanquillitati
1334 4095 1460 4162 vestre
1480 4097 1641 4184 paterna

127 4185 390 4275 inposterum
424 4177 680 4264 sollicitudine
702 4189 821 4282 provi
848 4205 913 4261 ere
944 4183 1136 4283 tolentes,
1169 4179 1395 4267 sustentate
1427 4181 1638 4286 apostolica
