<?xml version="1.0" encoding="UTF-8"?>
<!DOCTYPE html PUBLIC "-//W3C//DTD XHTML 1.0 Transitional//EN"
    "http://www.w3.org/TR/xhtml1/DTD/xhtml1-transitional.dtd">
<html xmlns="http://www.w3.org/1999/xhtml" xml:lang="en" lang="en">
 <head>
  <title>
</title>
<meta http-equiv="Content-Type" content="text/html;charset=utf-8" />
  <meta name='ocr-system' content='tesseract 3.04.00' />
  <meta name='ocr-capabilities' content='ocr_page ocr_carea ocr_par ocr_line ocrx_word'/>
</head>
<body>
  <div class='ocr_page' id='page_1' title='image "./codexchronologi01riedgoog_0088.png"; bbox 0 0 3616 4850; ppageno 0'>
   <div class='ocr_carea' id='block_1_1' title="bbox 36 2572 318 2668">
    <p class='ocr_par' dir='ltr' id='par_1_1' title="bbox 36 2572 318 2668">
     <span class='ocr_line' id='line_1_1' title="bbox 36 2572 318 2668; baseline -0.004 -20"><span class='ocrx_word' id='word_1_1' title='bbox 36 2582 46 2592; x_wconf 79' lang='grc'><em>’</em></span> <span class='ocrx_word' id='word_1_2' title='bbox 140 2572 318 2668; x_wconf 70' lang='lat' dir='ltr'>exigendi</span> 
     </span>
    </p>
   </div>
   <div class='ocr_carea' id='block_1_2' title="bbox 385 245 1534 616">
    <p class='ocr_par' dir='ltr' id='par_1_2' title="bbox 385 220 1534 616">
     <span class='ocr_line' id='line_1_2' title="bbox 385 245 1500 399; baseline 0.015 -56"><span class='ocrx_word' id='word_1_3' title='bbox 385 393 390 398; x_wconf 11' lang='grc' dir='ltr'>ἡ</span> <span class='ocrx_word' id='word_1_4' title='bbox 751 245 1124 362; x_wconf 43' lang='lat' dir='ltr'>&#39;cessddses&#39;⁸</span> <span class='ocrx_word' id='word_1_5' title='bbox 1224 373 1246 386; x_wconf 78' lang='lat'>,.</span> <span class='ocrx_word' id='word_1_6' title='bbox 1495 389 1500 399; x_wconf 19' lang='grc' dir='ltr'>ι</span> 
     </span>
     <span class='ocr_line' id='line_1_3' title="bbox 424 445 1534 616; baseline 0.014 -43"><span class='ocrx_word' id='word_1_7' title='bbox 424 489 540 574; x_wconf 72' lang='lat' dir='ltr'>nisi.</span> <span class='ocrx_word' id='word_1_8' title='bbox 556 489 695 616; x_wconf 74' lang='lat' dir='ltr'>cxvi.</span> <span class='ocrx_word' id='word_1_9' title='bbox 742 491 826 574; x_wconf 84' lang='lat' dir='ltr'>nes.</span> <span class='ocrx_word' id='word_1_10' title='bbox 855 491 912 574; x_wconf 75' lang='lat' dir='ltr'>is.</span> <span class='ocrx_word' id='word_1_11' title='bbox 927 493 1039 600; x_wconf 62' lang='lat' dir='ltr'>reis.</span> <span class='ocrx_word' id='word_1_12' title='bbox 1085 493 1145 576; x_wconf 73' lang='lat' dir='ltr'>ex</span> <span class='ocrx_word' id='word_1_13' title='bbox 1174 445 1408 598; x_wconf 64' lang='lat' dir='ltr'>onena</span> <span class='ocrx_word' id='word_1_14' title='bbox 1532 583 1534 589; x_wconf 82' lang='lat'>.</span> 
     </span>
    </p>
   </div>
   <div class='ocr_carea' id='block_1_3' title="bbox 69 630 1786 973">
    <p class='ocr_par' dir='ltr' id='par_1_3' title="bbox 69 630 1786 973">
     <span class='ocr_line' id='line_1_4' title="bbox 69 630 1786 746; baseline 0.006 -22"><span class='ocrx_word' id='word_1_15' title='bbox 69 655 74 678; x_wconf 83' lang='lat'>¹</span> <span class='ocrx_word' id='word_1_16' title='bbox 143 649 370 746; x_wconf 73' lang='lat' dir='ltr'>imperiola·</span> <span class='ocrx_word' id='word_1_17' title='bbox 399 667 523 737; x_wconf 73' lang='lat' dir='ltr'>ciamus</span> <span class='ocrx_word' id='word_1_18' title='bbox 545 665 770 728; x_wconf 80' lang='lat' dir='ltr'>Monssterium</span> <span class='ocrx_word' id='word_1_19' title='bbox 795 666 939 744; x_wconf 83' lang='lat' dir='ltr'>superius</span> <span class='ocrx_word' id='word_1_20' title='bbox 967 667 1128 728; x_wconf 85' lang='lat' dir='ltr'>llstisbon·</span> <span class='ocrx_word' id='word_1_21' title='bbox 1149 667 1184 730; x_wconf 92' lang='lat' dir='ltr'>iii</span> <span class='ocrx_word' id='word_1_22' title='bbox 1207 687 1295 731; x_wconf 85' lang='lat' dir='ltr'>enain</span> <span class='ocrx_word' id='word_1_23' title='bbox 1321 630 1534 732; x_wconf 76' lang='lat' dir='ltr'>dcemiomn</span> <span class='ocrx_word' id='word_1_24' title='bbox 1557 669 1654 734; x_wconf 55' lang='lat' dir='ltr'>susm</span> <span class='ocrx_word' id='word_1_25' title='bbox 1706 635 1716 660; x_wconf 50' lang='lat'><strong><em>¹</em></strong></span> <span class='ocrx_word' id='word_1_26' title='bbox 1780 676 1786 689; x_wconf 92' lang='lat'>&#39;</span> 
     </span>
     <span class='ocr_line' id='line_1_5' title="bbox 207 786 1518 891; baseline 0.008 -48"><span class='ocrx_word' id='word_1_27' title='bbox 207 825 214 836; x_wconf 86' lang='lat'><strong><em>.</em></strong></span> <span class='ocrx_word' id='word_1_28' title='bbox 277 786 344 864; x_wconf 84' lang='lat' dir='ltr'>pit,</span> <span class='ocrx_word' id='word_1_29' title='bbox 373 787 565 891; x_wconf 81' lang='lat' dir='ltr'>Moniiilibus</span> <span class='ocrx_word' id='word_1_30' title='bbox 591 789 818 858; x_wconf 81' lang='lat' dir='ltr'>abbatissarum</span> <span class='ocrx_word' id='word_1_31' title='bbox 850 788 1056 864; x_wconf 80' lang='lat' dir='ltr'>electionem,</span> <span class='ocrx_word' id='word_1_32' title='bbox 1095 791 1350 872; x_wconf 81' lang='lat' dir='ltr'>Monaiterioque</span> <span class='ocrx_word' id='word_1_33' title='bbox 1372 791 1518 854; x_wconf 72' lang='lat' dir='ltr'>insonti</span> 
     </span>
     <span class='ocr_line' id='line_1_6' title="bbox 643 910 1206 973; baseline -0.002 -2"><span class='ocrx_word' id='word_1_34' title='bbox 643 911 829 973; x_wconf 77' lang='lat' dir='ltr'>electionem</span> <span class='ocrx_word' id='word_1_35' title='bbox 848 910 981 972; x_wconf 83' lang='lat' dir='ltr'>liberans</span> <span class='ocrx_word' id='word_1_36' title='bbox 1001 911 1154 972; x_wconf 83' lang='lat' dir='ltr'>coneedit·</span> <span class='ocrx_word' id='word_1_37' title='bbox 1202 965 1206 970; x_wconf 93' lang='lat'>.</span> 
     </span>
    </p>
   </div>
   <div class='ocr_carea' id='block_1_4' title="bbox 149 1088 1755 1198">
    <p class='ocr_par' dir='ltr' id='par_1_4' title="bbox 149 1088 1755 1198">
     <span class='ocr_line' id='line_1_7' title="bbox 149 1088 1755 1198; baseline 0.003 -13"><span class='ocrx_word' id='word_1_38' title='bbox 149 1127 170 1154; x_wconf 86' lang='grc'>··</span> <span class='ocrx_word' id='word_1_39' title='bbox 240 1103 293 1184; x_wconf 81' lang='lat' dir='ltr'>In&#39;</span> <span class='ocrx_word' id='word_1_40' title='bbox 312 1101 481 1194; x_wconf 77' lang='lat' dir='ltr'>Nomine</span> <span class='ocrx_word' id='word_1_41' title='bbox 500 1117 653 1182; x_wconf 87' lang='lat' dir='ltr'>sanctae</span> <span class='ocrx_word' id='word_1_42' title='bbox 677 1115 717 1182; x_wconf 86' lang='lat' dir='ltr'>et</span> <span class='ocrx_word' id='word_1_43' title='bbox 740 1101 959 1182; x_wconf 82' lang='lat' dir='ltr'>individuae</span> <span class='ocrx_word' id='word_1_44' title='bbox 971 1101 1186 1198; x_wconf 88' lang='lat' dir='ltr'>Trinitatis,</span> <span class='ocrx_word' id='word_1_45' title='bbox 1215 1103 1415 1184; x_wconf 81' lang='lat' dir='ltr'>Karalus</span> <span class='ocrx_word' id='word_1_46' title='bbox 1443 1088 1571 1186; x_wconf 70' lang='lat' dir='ltr'>diuina</span> <span class='ocrx_word' id='word_1_47' title='bbox 1596 1105 1648 1186; x_wconf 78' lang='lat' dir='ltr'>ia·</span> <span class='ocrx_word' id='word_1_48' title='bbox 1749 1183 1755 1190; x_wconf 90' lang='lat'><strong>.</strong></span> 
     </span>
    </p>
   </div>
   <div class='ocr_carea' id='block_1_5' title="bbox 29 1199 1784 1307">
    <p class='ocr_par' dir='ltr' id='par_1_5' title="bbox 29 1199 1784 1307">
     <span class='ocr_line' id='line_1_8' title="bbox 29 1199 1784 1307; baseline -0.001 -23"><span class='ocrx_word' id='word_1_49' title='bbox 29 1199 36 1209; x_wconf 75' lang='grc'><strong>’</strong></span> <span class='ocrx_word' id='word_1_50' title='bbox 141 1219 259 1283; x_wconf 78' lang='lat' dir='ltr'>vente</span> <span class='ocrx_word' id='word_1_51' title='bbox 285 1211 487 1285; x_wconf 89' lang='lat' dir='ltr'>clementia</span> <span class='ocrx_word' id='word_1_52' title='bbox 510 1207 725 1304; x_wconf 83' lang='lat' dir='ltr'>Imperator</span> <span class='ocrx_word' id='word_1_53' title='bbox 741 1203 945 1300; x_wconf 83' lang='lat' dir='ltr'>Augustus.</span> <span class='ocrx_word' id='word_1_54' title='bbox 993 1204 1035 1279; x_wconf 89' lang='lat' dir='ltr'>Si</span> <span class='ocrx_word' id='word_1_55' title='bbox 1054 1203 1225 1280; x_wconf 88' lang='lat' dir='ltr'>membra</span> <span class='ocrx_word' id='word_1_56' title='bbox 1243 1205 1322 1307; x_wconf 84' lang='lat' dir='ltr'>Xpi</span> <span class='ocrx_word' id='word_1_57' title='bbox 1339 1203 1558 1302; x_wconf 85' lang='lat' dir='ltr'>infirmiora,</span> <span class='ocrx_word' id='word_1_58' title='bbox 1582 1208 1651 1284; x_wconf 90' lang='lat' dir='ltr'>sed</span> <span class='ocrx_word' id='word_1_59' title='bbox 1693 1203 1696 1208; x_wconf 70' lang='grc'><strong>’</strong></span> <span class='ocrx_word' id='word_1_60' title='bbox 1782 1261 1784 1264; x_wconf 91' lang='grc'>-</span> 
     </span>
    </p>
   </div>
   <div class='ocr_carea' id='block_1_6' title="bbox 36 1298 1689 2489">
    <p class='ocr_par' dir='ltr' id='par_1_6' title="bbox 36 1298 1689 2489">
     <span class='ocr_line' id='line_1_9' title="bbox 92 1298 1651 1404; baseline 0.001 -25"><span class='ocrx_word' id='word_1_61' title='bbox 92 1345 102 1353; x_wconf 83' lang='lat'><em>-</em></span> <span class='ocrx_word' id='word_1_62' title='bbox 142 1303 411 1386; x_wconf 72' lang='lat' dir='ltr'>abundantiori</span> <span class='ocrx_word' id='word_1_63' title='bbox 431 1306 579 1398; x_wconf 81' lang='lat' dir='ltr'>honore</span> <span class='ocrx_word' id='word_1_64' title='bbox 607 1298 833 1400; x_wconf 79' lang='lat' dir='ltr'>dignissima,</span> <span class='ocrx_word' id='word_1_65' title='bbox 858 1301 987 1377; x_wconf 84' lang='lat' dir='ltr'>debiti</span> <span class='ocrx_word' id='word_1_66' title='bbox 1010 1299 1191 1377; x_wconf 80' lang='lat' dir='ltr'>charitate</span> <span class='ocrx_word' id='word_1_67' title='bbox 1212 1303 1488 1404; x_wconf 84' lang='lat' dir='ltr'>amplectimur,¹</span> <span class='ocrx_word' id='word_1_68' title='bbox 1515 1325 1555 1382; x_wconf 87' lang='lat' dir='ltr'>et</span> <span class='ocrx_word' id='word_1_69' title='bbox 1576 1308 1651 1380; x_wconf 53' lang='lat' dir='ltr'>lin-2</span> 
     </span>
     <span class='ocr_line' id='line_1_10' title="bbox 73 1397 1689 1502; baseline 0.002 -26"><span class='ocrx_word' id='word_1_70' title='bbox 73 1459 106 1493; x_wconf 34' lang='lat' dir='ltr'>„t</span> <span class='ocrx_word' id='word_1_71' title='bbox 140 1403 290 1501; x_wconf 75' lang='lat' dir='ltr'>periclis</span> <span class='ocrx_word' id='word_1_72' title='bbox 316 1399 549 1476; x_wconf 83' lang='lat' dir='ltr'>auctoritatis</span> <span class='ocrx_word' id='word_1_73' title='bbox 573 1399 711 1474; x_wconf 84' lang='lat' dir='ltr'>robore</span> <span class='ocrx_word' id='word_1_74' title='bbox 741 1397 1040 1493; x_wconf 67' lang='lat' dir='ltr'>communimine,</span> <span class='ocrx_word' id='word_1_75' title='bbox 1080 1399 1121 1473; x_wconf 91' lang='lat' dir='ltr'>id</span> <span class='ocrx_word' id='word_1_76' title='bbox 1144 1399 1257 1476; x_wconf 90' lang='lat' dir='ltr'>nobis</span> <span class='ocrx_word' id='word_1_77' title='bbox 1286 1413 1326 1477; x_wconf 87' lang='lat' dir='ltr'>et</span> <span class='ocrx_word' id='word_1_78' title='bbox 1352 1401 1401 1476; x_wconf 83' lang='lat' dir='ltr'>&#39;ad</span> <span class='ocrx_word' id='word_1_79' title='bbox 1428 1407 1649 1502; x_wconf 80' lang='lat' dir='ltr'>temporalis</span> <span class='ocrx_word' id='word_1_80' title='bbox 1684 1441 1689 1448; x_wconf 91' lang='lat'><em>·</em></span> 
     </span>
     <span class='ocr_line' id='line_1_11' title="bbox 140 1495 1648 1602; baseline 0.003 -30"><span class='ocrx_word' id='word_1_81' title='bbox 140 1497 421 1598; x_wconf 82' lang='lat' dir='ltr'>tranquillitatis</span> <span class='ocrx_word' id='word_1_82' title='bbox 447 1497 626 1597; x_wconf 79' lang='lat' dir='ltr'>gratiam,</span> <span class='ocrx_word' id='word_1_83' title='bbox 661 1507 700 1572; x_wconf 88' lang='lat' dir='ltr'>et</span> <span class='ocrx_word' id='word_1_84' title='bbox 731 1496 780 1569; x_wconf 90' lang='lat' dir='ltr'>ad</span> <span class='ocrx_word' id='word_1_85' title='bbox 803 1501 980 1574; x_wconf 85' lang='lat' dir='ltr'>aeternae</span> <span class='ocrx_word' id='word_1_86' title='bbox 1001 1495 1191 1574; x_wconf 80' lang='lat' dir='ltr'>felicitatis</span> <span class='ocrx_word' id='word_1_87' title='bbox 1216 1497 1375 1595; x_wconf 78' lang='lat' dir='ltr'>gloriam</span> <span class='ocrx_word' id='word_1_88' title='bbox 1405 1501 1648 1602; x_wconf 77' lang='lat' dir='ltr'>prolaturum</span> 
     </span>
     <span class='ocr_line' id='line_1_12' title="bbox 103 1589 1653 1676; baseline 0.004 -6"><span class='ocrx_word' id='word_1_89' title='bbox 103 1647 106 1670; x_wconf 84' lang='lat'><strong>.</strong></span> <span class='ocrx_word' id='word_1_90' title='bbox 140 1605 223 1670; x_wconf 89' lang='lat' dir='ltr'>sine</span> <span class='ocrx_word' id='word_1_91' title='bbox 253 1595 505 1672; x_wconf 82' lang='lat' dir='ltr'>haesitatione</span> <span class='ocrx_word' id='word_1_92' title='bbox 541 1589 780 1675; x_wconf 78' lang='lat' dir='ltr'>confidimus·</span> <span class='ocrx_word' id='word_1_93' title='bbox 857 1593 1024 1670; x_wconf 88' lang='lat' dir='ltr'>Proinde</span> <span class='ocrx_word' id='word_1_94' title='bbox 1054 1593 1229 1670; x_wconf 90' lang='lat' dir='ltr'>omnium</span> <span class='ocrx_word' id='word_1_95' title='bbox 1260 1589 1432 1672; x_wconf 82' lang='lat' dir='ltr'>fidelium</span> <span class='ocrx_word' id='word_1_96' title='bbox 1458 1597 1495 1675; x_wconf 86' lang='lat' dir='ltr'>X</span> <span class='ocrx_word' id='word_1_97' title='bbox 1521 1596 1536 1673; x_wconf 91' lang='lat' dir='ltr'>i</span> <span class='ocrx_word' id='word_1_98' title='bbox 1571 1609 1653 1676; x_wconf 81' lang='lat' dir='ltr'>tim</span> 
     </span>
     <span class='ocr_line' id='line_1_13' title="bbox 138 1690 1650 1794; baseline 0.003 -27"><span class='ocrx_word' id='word_1_99' title='bbox 138 1693 408 1794; x_wconf 86' lang='lat' dir='ltr'>praesentium,</span> <span class='ocrx_word' id='word_1_100' title='bbox 434 1719 547 1791; x_wconf 87' lang='lat' dir='ltr'>quoni</span> <span class='ocrx_word' id='word_1_101' title='bbox 573 1690 860 1766; x_wconf 73' lang='lat' dir='ltr'>succedentium</span> <span class='ocrx_word' id='word_1_102' title='bbox 888 1691 1044 1768; x_wconf 84' lang='lat' dir='ltr'>noverit</span> <span class='ocrx_word' id='word_1_103' title='bbox 1061 1690 1257 1786; x_wconf 83' lang='lat' dir='ltr'>industria,</span> <span class='ocrx_word' id='word_1_104' title='bbox 1283 1694 1445 1794; x_wconf 86' lang='lat' dir='ltr'>qualiter</span> <span class='ocrx_word' id='word_1_105' title='bbox 1506 1722 1548 1771; x_wconf 87' lang='lat' dir='ltr'>os</span> <span class='ocrx_word' id='word_1_106' title='bbox 1570 1713 1650 1772; x_wconf 78' lang='lat' dir='ltr'>mo·&#39;</span> 
     </span>
     <span class='ocr_line' id='line_1_14' title="bbox 139 1787 1648 1892; baseline 0.003 -26"><span class='ocrx_word' id='word_1_107' title='bbox 139 1790 347 1867; x_wconf 74' lang='lat' dir='ltr'>musterium</span> <span class='ocrx_word' id='word_1_108' title='bbox 370 1793 604 1866; x_wconf 80' lang='lat' dir='ltr'>beatissimae</span> <span class='ocrx_word' id='word_1_109' title='bbox 624 1809 850 1890; x_wconf 86' lang='lat' dir='ltr'>semperque</span> <span class='ocrx_word' id='word_1_110' title='bbox 876 1787 1046 1886; x_wconf 78' lang='lat' dir='ltr'>Virginis</span> <span class='ocrx_word' id='word_1_111' title='bbox 1071 1789 1197 1866; x_wconf 84' lang='lat' dir='ltr'>matris</span> <span class='ocrx_word' id='word_1_112' title='bbox 1223 1790 1385 1874; x_wconf 87' lang='lat' dir='ltr'>Domini</span> <span class='ocrx_word' id='word_1_113' title='bbox 1408 1793 1533 1868; x_wconf 85' lang='lat' dir='ltr'>nostri·</span> <span class='ocrx_word' id='word_1_114' title='bbox 1557 1795 1579 1870; x_wconf 89' lang='lat' dir='ltr'>J</span> <span class='ocrx_word' id='word_1_115' title='bbox 1583 1819 1648 1892; x_wconf 84' lang='lat' dir='ltr'>esu</span> 
     </span>
     <span class='ocr_line' id='line_1_15' title="bbox 104 1881 1653 1988; baseline 0 -22"><span class='ocrx_word' id='word_1_116' title='bbox 104 1901 106 1908; x_wconf 88' lang='lat'>&#39;</span> <span class='ocrx_word' id='word_1_117' title='bbox 138 1885 218 1988; x_wconf 84' lang='lat' dir='ltr'>xpi</span> <span class='ocrx_word' id='word_1_118' title='bbox 245 1889 389 1964; x_wconf 81' lang='lat' dir='ltr'>Martae</span> <span class='ocrx_word' id='word_1_119' title='bbox 417 1881 647 1964; x_wconf 82' lang='lat' dir='ltr'>incivitate</span> <span class='ocrx_word' id='word_1_120' title='bbox 673 1885 894 1986; x_wconf 84' lang='lat' dir='ltr'>Ratispona,</span> <span class='ocrx_word' id='word_1_121' title='bbox 919 1888 1025 1986; x_wconf 90' lang='lat' dir='ltr'>quod</span> <span class='ocrx_word' id='word_1_122' title='bbox 1051 1886 1198 1964; x_wconf 88' lang='lat' dir='ltr'>dicitur.</span> <span class='ocrx_word' id='word_1_123' title='bbox 1216 1887 1653 1983; x_wconf 73' lang='lat' dir='ltr'>Oberenmuiister,</span> 
     </span>
     <span class='ocr_line' id='line_1_16' title="bbox 140 1981 1656 2088; baseline 0.003 -28"><span class='ocrx_word' id='word_1_124' title='bbox 140 1987 246 2088; x_wconf 89' lang='lat' dir='ltr'>quod</span> <span class='ocrx_word' id='word_1_125' title='bbox 274 1983 360 2085; x_wconf 92' lang='lat' dir='ltr'>piae</span> <span class='ocrx_word' id='word_1_126' title='bbox 381 1981 587 2061; x_wconf 86' lang='lat' dir='ltr'>memoriae</span> <span class='ocrx_word' id='word_1_127' title='bbox 611 1993 773 2080; x_wconf 72' lang='lat' dir='ltr'>genitrix</span> <span class='ocrx_word' id='word_1_128' title='bbox 795 2004 922 2062; x_wconf 88' lang='lat' dir='ltr'>nostra</span> <span class='ocrx_word' id='word_1_129' title='bbox 944 1985 1113 2061; x_wconf 89' lang='lat' dir='ltr'>Hemma</span> <span class='ocrx_word' id='word_1_130' title='bbox 1135 1983 1267 2082; x_wconf 72' lang='lat' dir='ltr'>regina</span> <span class='ocrx_word' id='word_1_131' title='bbox 1288 2009 1311 2060; x_wconf 90' lang='lat' dir='ltr'>a</span> <span class='ocrx_word' id='word_1_132' title='bbox 1329 1985 1508 2064; x_wconf 86' lang='lat' dir='ltr'>Baturico</span> <span class='ocrx_word' id='word_1_133' title='bbox 1530 1987 1656 2064; x_wconf 67' lang='lat' dir='ltr'>Ratis·</span> 
     </span>
     <span class='ocr_line' id='line_1_17' title="bbox 138 2081 1652 2186; baseline 0.003 -29"><span class='ocrx_word' id='word_1_134' title='bbox 138 2082 310 2184; x_wconf 82' lang='lat' dir='ltr'>ponensi</span> <span class='ocrx_word' id='word_1_135' title='bbox 324 2084 411 2183; x_wconf 89' lang='lat' dir='ltr'>Epo</span> <span class='ocrx_word' id='word_1_136' title='bbox 435 2081 622 2183; x_wconf 84' lang='lat' dir='ltr'>solempni</span> <span class='ocrx_word' id='word_1_137' title='bbox 640 2107 686 2158; x_wconf 88' lang='lat' dir='ltr'>ac</span> <span class='ocrx_word' id='word_1_138' title='bbox 701 2081 875 2180; x_wconf 77' lang='lat' dir='ltr'>legitimo</span> <span class='ocrx_word' id='word_1_139' title='bbox 895 2081 1121 2158; x_wconf 82' lang='lat' dir='ltr'>concambio</span> <span class='ocrx_word' id='word_1_140' title='bbox 1139 2082 1308 2184; x_wconf 33' lang='lat' dir='ltr'>recepit„</span> <span class='ocrx_word' id='word_1_141' title='bbox 1322 2083 1407 2159; x_wconf 92' lang='lat' dir='ltr'>ubt</span> <span class='ocrx_word' id='word_1_142' title='bbox 1430 2081 1444 2159; x_wconf 88' lang='lat' dir='ltr'>i</span> <span class='ocrx_word' id='word_1_143' title='bbox 1451 2109 1528 2186; x_wconf 86' lang='lat' dir='ltr'>psa</span> <span class='ocrx_word' id='word_1_144' title='bbox 1555 2106 1652 2168; x_wconf 52' lang='lat' dir='ltr'>cord</span> 
     </span>
     <span class='ocr_line' id='line_1_18' title="bbox 36 2177 1657 2281; baseline 0.004 -28"><span class='ocrx_word' id='word_1_145' title='bbox 36 2235 45 2243; x_wconf 82' lang='grc'><strong>-</strong></span> <span class='ocrx_word' id='word_1_146' title='bbox 138 2180 375 2281; x_wconf 79' lang='lat' dir='ltr'>poraliter</span> <span class='ocrx_word' id='word_1_147' title='bbox 408 2183 601 2280; x_wconf 88' lang='lat' dir='ltr'>sepulta</span> <span class='ocrx_word' id='word_1_148' title='bbox 623 2177 918 2278; x_wconf 44' lang='lat' dir='ltr'>requiesci&amp;</span> <span class='ocrx_word' id='word_1_149' title='bbox 952 2179 993 2256; x_wconf 92' lang='lat' dir='ltr'>in</span> <span class='ocrx_word' id='word_1_150' title='bbox 1022 2201 1171 2258; x_wconf 84' lang='lat' dir='ltr'>nostrae</span> <span class='ocrx_word' id='word_1_151' title='bbox 1196 2192 1434 2262; x_wconf 84' lang='lat' dir='ltr'>aemunitatis</span> <span class='ocrx_word' id='word_1_152' title='bbox 1462 2181 1657 2274; x_wconf 78' lang='lat' dir='ltr'>defensio-²</span> 
     </span>
     <span class='ocr_line' id='line_1_19' title="bbox 138 2274 1650 2382; baseline -0.002 -23"><span class='ocrx_word' id='word_1_153' title='bbox 138 2301 231 2360; x_wconf 73' lang='lat' dir='ltr'>mein</span> <span class='ocrx_word' id='word_1_154' title='bbox 260 2277 511 2379; x_wconf 73' lang='lat' dir='ltr'>suscepimus,</span> <span class='ocrx_word' id='word_1_155' title='bbox 546 2301 592 2354; x_wconf 91' lang='lat' dir='ltr'>ea</span> <span class='ocrx_word' id='word_1_156' title='bbox 616 2277 796 2354; x_wconf 88' lang='lat' dir='ltr'>videlicet</span> <span class='ocrx_word' id='word_1_157' title='bbox 826 2274 1068 2373; x_wconf 87' lang='lat' dir='ltr'>conditione,</span> <span class='ocrx_word' id='word_1_158' title='bbox 1100 2297 1145 2354; x_wconf 93' lang='lat' dir='ltr'>ut</span> <span class='ocrx_word' id='word_1_159' title='bbox 1172 2301 1301 2381; x_wconf 83' lang='lat' dir='ltr'>neque</span> <span class='ocrx_word' id='word_1_160' title='bbox 1332 2305 1420 2374; x_wconf 87' lang='lat' dir='ltr'>nus,</span> <span class='ocrx_word' id='word_1_161' title='bbox 1451 2303 1525 2356; x_wconf 88' lang='lat' dir='ltr'>nec</span> <span class='ocrx_word' id='word_1_162' title='bbox 1550 2281 1650 2382; x_wconf 78' lang='lat' dir='ltr'>quis-</span> 
     </span>
     <span class='ocr_line' id='line_1_20' title="bbox 140 2376 1650 2489; baseline 0.004 -39"><span class='ocrx_word' id='word_1_163' title='bbox 140 2399 254 2480; x_wconf 85' lang='lat' dir='ltr'>quam</span> <span class='ocrx_word' id='word_1_164' title='bbox 275 2386 500 2489; x_wconf 83' lang='lat' dir='ltr'>imperator,</span> <span class='ocrx_word' id='word_1_165' title='bbox 532 2387 598 2450; x_wconf 87' lang='lat' dir='ltr'>aut</span> <span class='ocrx_word' id='word_1_166' title='bbox 624 2400 710 2468; x_wconf 84' lang='lat' dir='ltr'>rex,</span> <span class='ocrx_word' id='word_1_167' title='bbox 741 2388 810 2449; x_wconf 89' lang='lat' dir='ltr'>aut</span> <span class='ocrx_word' id='word_1_168' title='bbox 840 2376 936 2467; x_wconf 85' lang='lat' dir='ltr'>dux,</span> <span class='ocrx_word' id='word_1_169' title='bbox 967 2395 1033 2452; x_wconf 92' lang='lat' dir='ltr'>aut</span> <span class='ocrx_word' id='word_1_170' title='bbox 1058 2399 1204 2468; x_wconf 91' lang='lat' dir='ltr'>coines,</span> <span class='ocrx_word' id='word_1_171' title='bbox 1235 2387 1302 2452; x_wconf 84' lang='lat' dir='ltr'>aut</span> <span class='ocrx_word' id='word_1_172' title='bbox 1329 2377 1465 2474; x_wconf 84' lang='lat' dir='ltr'>regalis</span> <span class='ocrx_word' id='word_1_173' title='bbox 1491 2383 1650 2467; x_wconf 77' lang='lat' dir='ltr'>exactor</span> 
     </span>
    </p>
   </div>
   <div class='ocr_carea' id='block_1_7' title="bbox 137 2471 1649 2645">
    <p class='ocr_par' dir='ltr' id='par_1_7' title="bbox 137 2471 1649 2645">
     <span class='ocr_line' id='line_1_21' title="bbox 137 2471 1649 2645; baseline 0.004 -96"><span class='ocrx_word' id='word_1_174' title='bbox 137 2485 218 2550; x_wconf 51' lang='lat' dir='ltr'>¹slve</span> <span class='ocrx_word' id='word_1_175' title='bbox 236 2499 282 2549; x_wconf 87' lang='lat' dir='ltr'>ex</span> <span class='ocrx_word' id='word_1_176' title='bbox 297 2473 492 2645; x_wconf 70' lang='lat' dir='ltr'>imperiali,</span> <span class='ocrx_word' id='word_1_177' title='bbox 512 2485 590 2548; x_wconf 87' lang='lat' dir='ltr'>sive</span> <span class='ocrx_word' id='word_1_178' title='bbox 610 2497 657 2550; x_wconf 87' lang='lat' dir='ltr'>ex</span> <span class='ocrx_word' id='word_1_179' title='bbox 676 2471 828 2574; x_wconf 88' lang='lat' dir='ltr'>propria</span> <span class='ocrx_word' id='word_1_180' title='bbox 841 2485 1067 2551; x_wconf 87' lang='lat' dir='ltr'>auctoritate</span> <span class='ocrx_word' id='word_1_181' title='bbox 1081 2475 1289 2574; x_wconf 89' lang='lat' dir='ltr'>quidquam</span> <span class='ocrx_word' id='word_1_182' title='bbox 1303 2475 1356 2550; x_wconf 88' lang='lat' dir='ltr'>ibi</span> <span class='ocrx_word' id='word_1_183' title='bbox 1370 2478 1570 2550; x_wconf 82' lang='lat' dir='ltr'>ordinandi</span> <span class='ocrx_word' id='word_1_184' title='bbox 1582 2489 1649 2555; x_wconf 89' lang='lat' dir='ltr'>aut</span> 
     </span>
    </p>
   </div>
   <div class='ocr_carea' id='block_1_8' title="bbox 74 2571 1694 3357">
    <p class='ocr_par' dir='ltr' id='par_1_8' title="bbox 74 2571 1694 3357">
     <span class='ocr_line' id='line_1_22' title="bbox 380 2571 1649 2672; baseline 0.006 -26"><span class='ocrx_word' id='word_1_185' title='bbox 380 2573 492 2647; x_wconf 90' lang='lat' dir='ltr'>abeat</span> <span class='ocrx_word' id='word_1_186' title='bbox 522 2583 761 2672; x_wconf 79' lang='lat' dir='ltr'>potestatem.</span> <span class='ocrx_word' id='word_1_187' title='bbox 837 2571 995 2648; x_wconf 84' lang='lat' dir='ltr'>Sorores</span> <span class='ocrx_word' id='word_1_188' title='bbox 1026 2573 1182 2672; x_wconf 88' lang='lat' dir='ltr'>quidem</span> <span class='ocrx_word' id='word_1_189' title='bbox 1216 2571 1402 2647; x_wconf 83' lang='lat' dir='ltr'>abbatissa</span> <span class='ocrx_word' id='word_1_190' title='bbox 1433 2574 1649 2653; x_wconf 86' lang='lat' dir='ltr'>decedente</span> 
     </span>
     <span class='ocr_line' id='line_1_23' title="bbox 138 2668 1650 2784; baseline 0.002 -38"><span class='ocrx_word' id='word_1_191' title='bbox 138 2668 268 2772; x_wconf 23' lang='lat' dir='ltr'>alia-m,</span> <span class='ocrx_word' id='word_1_192' title='bbox 303 2677 401 2784; x_wconf 79' lang='lat' dir='ltr'>quae</span> <span class='ocrx_word' id='word_1_193' title='bbox 423 2672 621 2761; x_wconf 87' lang='lat' dir='ltr'>succedat,</span> <span class='ocrx_word' id='word_1_194' title='bbox 645 2669 816 2745; x_wconf 88' lang='lat' dir='ltr'>moribus</span> <span class='ocrx_word' id='word_1_195' title='bbox 839 2682 956 2770; x_wconf 88' lang='lat' dir='ltr'>atque</span> <span class='ocrx_word' id='word_1_196' title='bbox 980 2669 1058 2760; x_wconf 79' lang='lat' dir='ltr'>vita</span> <span class='ocrx_word' id='word_1_197' title='bbox 1081 2669 1318 2771; x_wconf 88' lang='lat' dir='ltr'>probabilem</span> <span class='ocrx_word' id='word_1_198' title='bbox 1344 2669 1577 2746; x_wconf 88' lang='lat' dir='ltr'>unanimiter</span> <span class='ocrx_word' id='word_1_199' title='bbox 1595 2685 1650 2750; x_wconf 85' lang='lat' dir='ltr'>at-</span> 
     </span>
     <span class='ocr_line' id='line_1_24' title="bbox 74 2765 1672 2870; baseline 0.005 -32"><span class='ocrx_word' id='word_1_200' title='bbox 74 2847 92 2864; x_wconf 31' lang='lat' dir='ltr'><em>r</em></span> <span class='ocrx_word' id='word_1_201' title='bbox 138 2791 213 2868; x_wconf 90' lang='lat' dir='ltr'>que</span> <span class='ocrx_word' id='word_1_202' title='bbox 245 2767 414 2866; x_wconf 80' lang='lat' dir='ltr'>legitime</span> <span class='ocrx_word' id='word_1_203' title='bbox 447 2770 605 2864; x_wconf 81' lang='lat' dir='ltr'>eligant,</span> <span class='ocrx_word' id='word_1_204' title='bbox 645 2766 710 2843; x_wconf 85' lang='lat' dir='ltr'>oui</span> <span class='ocrx_word' id='word_1_205' title='bbox 738 2767 918 2842; x_wconf 81' lang='lat' dir='ltr'>electioni</span> <span class='ocrx_word' id='word_1_206' title='bbox 950 2765 1029 2843; x_wconf 87' lang='lat' dir='ltr'>sire</span> <span class='ocrx_word' id='word_1_207' title='bbox 1063 2767 1296 2843; x_wconf 87' lang='lat' dir='ltr'>ordinationi</span> <span class='ocrx_word' id='word_1_208' title='bbox 1320 2791 1394 2844; x_wconf 89' lang='lat' dir='ltr'>nec</span> <span class='ocrx_word' id='word_1_209' title='bbox 1422 2770 1672 2870; x_wconf 81' lang='lat' dir='ltr'>imperator,¹</span> 
     </span>
     <span class='ocr_line' id='line_1_25' title="bbox 90 2863 1646 2969; baseline 0.003 -28"><span class='ocrx_word' id='word_1_210' title='bbox 90 2903 94 2911; x_wconf 95' lang='lat'>·</span> <span class='ocrx_word' id='word_1_211' title='bbox 139 2887 214 2941; x_wconf 86' lang='lat' dir='ltr'>nee</span> <span class='ocrx_word' id='word_1_212' title='bbox 238 2863 341 2958; x_wconf 83' lang='lat' dir='ltr'>Rex,</span> <span class='ocrx_word' id='word_1_213' title='bbox 365 2889 439 2944; x_wconf 88' lang='lat' dir='ltr'>nec</span> <span class='ocrx_word' id='word_1_214' title='bbox 465 2867 586 2965; x_wconf 81' lang='lat' dir='ltr'>Epus,</span> <span class='ocrx_word' id='word_1_215' title='bbox 617 2890 692 2941; x_wconf 90' lang='lat' dir='ltr'>nee</span> <span class='ocrx_word' id='word_1_216' title='bbox 713 2865 952 2958; x_wconf 86' lang='lat' dir='ltr'>Advocatus,</span> <span class='ocrx_word' id='word_1_217' title='bbox 981 2887 1054 2940; x_wconf 88' lang='lat' dir='ltr'>nec</span> <span class='ocrx_word' id='word_1_218' title='bbox 1072 2865 1206 2967; x_wconf 87' lang='lat' dir='ltr'>aliquis</span> <span class='ocrx_word' id='word_1_219' title='bbox 1228 2865 1430 2941; x_wconf 86' lang='lat' dir='ltr'>hominum</span> <span class='ocrx_word' id='word_1_220' title='bbox 1450 2866 1492 2948; x_wconf 88' lang='lat' dir='ltr'>in</span> <span class='ocrx_word' id='word_1_221' title='bbox 1516 2868 1646 2969; x_wconf 89' lang='lat' dir='ltr'>aliquo</span> 
     </span>
     <span class='ocr_line' id='line_1_26' title="bbox 138 2958 1660 3058; baseline 0.003 -20"><span class='ocrx_word' id='word_1_222' title='bbox 138 2965 383 3058; x_wconf 87' lang='lat' dir='ltr'>contradicat,</span> <span class='ocrx_word' id='word_1_223' title='bbox 409 2987 482 3039; x_wconf 88' lang='lat' dir='ltr'>nec</span> <span class='ocrx_word' id='word_1_224' title='bbox 505 2958 779 3054; x_wconf 89' lang='lat' dir='ltr'>difficultatem,</span> <span class='ocrx_word' id='word_1_225' title='bbox 799 2985 872 3038; x_wconf 87' lang='lat' dir='ltr'>nec</span> <span class='ocrx_word' id='word_1_226' title='bbox 894 2963 1106 3040; x_wconf 83' lang='lat' dir='ltr'>molestiam</span> <span class='ocrx_word' id='word_1_227' title='bbox 1158 2962 1340 3038; x_wconf 89' lang='lat' dir='ltr'>uamlibet</span> <span class='ocrx_word' id='word_1_228' title='bbox 1360 2961 1507 3040; x_wconf 79' lang='lat' dir='ltr'>inferat.</span> <span class='ocrx_word' id='word_1_229' title='bbox 1548 2966 1660 3044; x_wconf 84' lang='lat' dir='ltr'>Sane</span> 
     </span>
     <span class='ocr_line' id='line_1_27' title="bbox 138 2991 1647 3161; baseline 0.001 -21"><span class='ocrx_word' id='word_1_230' title='bbox 138 3063 365 3140; x_wconf 86' lang='lat' dir='ltr'>advocatum</span> <span class='ocrx_word' id='word_1_231' title='bbox 388 3065 536 3137; x_wconf 89' lang='lat' dir='ltr'>nullum</span> <span class='ocrx_word' id='word_1_232' title='bbox 560 3062 709 3154; x_wconf 89' lang='lat' dir='ltr'>habeat,</span> <span class='ocrx_word' id='word_1_233' title='bbox 734 3059 807 3136; x_wconf 91' lang='lat' dir='ltr'>nisi</span> <span class='ocrx_word' id='word_1_234' title='bbox 827 3083 927 3150; x_wconf 79' lang='lat' dir='ltr'>eum,</span> <span class='ocrx_word' id='word_1_235' title='bbox 953 3085 1069 3161; x_wconf 90' lang='lat' dir='ltr'>quem</span> <span class='ocrx_word' id='word_1_236' title='bbox 1090 2991 1271 3140; x_wconf 73' lang='lat' dir='ltr'>abbatissa</span> <span class='ocrx_word' id='word_1_237' title='bbox 1291 3074 1331 3137; x_wconf 95' lang='lat' dir='ltr'>et</span> <span class='ocrx_word' id='word_1_238' title='bbox 1357 3057 1530 3140; x_wconf 86' lang='lat' dir='ltr'>sororum</span> <span class='ocrx_word' id='word_1_239' title='bbox 1556 3089 1647 3142; x_wconf 88' lang='lat' dir='ltr'>con·</span> 
     </span>
     <span class='ocr_line' id='line_1_28' title="bbox 138 3157 1646 3276; baseline 0 -41"><span class='ocrx_word' id='word_1_240' title='bbox 138 3185 222 3248; x_wconf 79' lang='lat' dir='ltr'>cors</span> <span class='ocrx_word' id='word_1_241' title='bbox 249 3159 424 3237; x_wconf 86' lang='lat' dir='ltr'>discretio</span> <span class='ocrx_word' id='word_1_242' title='bbox 452 3159 628 3255; x_wconf 84' lang='lat' dir='ltr'>ele&#39;gerit,</span> <span class='ocrx_word' id='word_1_243' title='bbox 654 3169 720 3259; x_wconf 89' lang='lat' dir='ltr'>qui</span> <span class='ocrx_word' id='word_1_244' title='bbox 742 3169 855 3234; x_wconf 87' lang='lat' dir='ltr'>etiam</span> <span class='ocrx_word' id='word_1_245' title='bbox 879 3159 1083 3233; x_wconf 90' lang='lat' dir='ltr'>advocatus</span> <span class='ocrx_word' id='word_1_246' title='bbox 1102 3157 1201 3239; x_wconf 88' lang='lat' dir='ltr'>nihil</span> <span class='ocrx_word' id='word_1_247' title='bbox 1227 3167 1333 3252; x_wconf 85' lang='lat' dir='ltr'>iuris,</span> <span class='ocrx_word' id='word_1_248' title='bbox 1363 3160 1457 3234; x_wconf 84' lang='lat' dir='ltr'>nihil</span> <span class='ocrx_word' id='word_1_249' title='bbox 1480 3172 1646 3276; x_wconf 86' lang='lat' dir='ltr'>potesta·</span> 
     </span>
     <span class='ocr_line' id='line_1_29' title="bbox 137 3256 1694 3357; baseline 0.002 -23"><span class='ocrx_word' id='word_1_250' title='bbox 137 3269 203 3349; x_wconf 90' lang='lat' dir='ltr'>tis,</span> <span class='ocrx_word' id='word_1_251' title='bbox 236 3259 332 3334; x_wconf 84' lang='lat' dir='ltr'>nihil</span> <span class='ocrx_word' id='word_1_252' title='bbox 355 3258 495 3336; x_wconf 83' lang='lat' dir='ltr'>servitii</span> <span class='ocrx_word' id='word_1_253' title='bbox 524 3257 578 3332; x_wconf 85' lang='lat' dir='ltr'>ibi</span> <span class='ocrx_word' id='word_1_254' title='bbox 603 3257 800 3356; x_wconf 88' lang='lat' dir='ltr'>requirere</span> <span class='ocrx_word' id='word_1_255' title='bbox 825 3276 1053 3357; x_wconf 79' lang='lat' dir='ltr'>praesumat,</span> <span class='ocrx_word' id='word_1_256' title='bbox 1078 3256 1151 3334; x_wconf 87' lang='lat' dir='ltr'>nisi</span> <span class='ocrx_word' id='word_1_257' title='bbox 1176 3258 1282 3356; x_wconf 89' lang='lat' dir='ltr'>quod</span> <span class='ocrx_word' id='word_1_258' title='bbox 1304 3277 1342 3334; x_wconf 91' lang='lat' dir='ltr'>et</span> <span class='ocrx_word' id='word_1_259' title='bbox 1366 3256 1575 3336; x_wconf 79' lang='lat' dir='ltr'>abbatissae</span> <span class='ocrx_word' id='word_1_260' title='bbox 1603 3273 1645 3337; x_wconf 92' lang='lat' dir='ltr'>et</span> <span class='ocrx_word' id='word_1_261' title='bbox 1688 3342 1694 3352; x_wconf 62' lang='grc'><strong>,</strong></span> 
     </span>
    </p>
   </div>
   <div class='ocr_carea' id='block_1_9' title="bbox 9 3353 1645 3459">
    <p class='ocr_par' dir='ltr' id='par_1_9' title="bbox 9 3353 1645 3459">
     <span class='ocr_line' id='line_1_30' title="bbox 9 3353 1645 3459; baseline 0.001 -27"><span class='ocrx_word' id='word_1_262' title='bbox 9 3387 11 3392; x_wconf 67' lang='grc'>’</span> <span class='ocrx_word' id='word_1_263' title='bbox 136 3357 477 3435; x_wconf 83' lang='lat' dir='ltr'>sanctimonialium</span> <span class='ocrx_word' id='word_1_264' title='bbox 503 3356 605 3429; x_wconf 91' lang='lat' dir='ltr'>bona</span> <span class='ocrx_word' id='word_1_265' title='bbox 637 3360 813 3452; x_wconf 80' lang='lat' dir='ltr'>voluntas</span> <span class='ocrx_word' id='word_1_266' title='bbox 845 3365 1062 3452; x_wconf 81' lang='lat' dir='ltr'>constituat.</span> <span class='ocrx_word' id='word_1_267' title='bbox 1141 3353 1186 3430; x_wconf 88' lang='lat' dir='ltr'>si.</span> <span class='ocrx_word' id='word_1_268' title='bbox 1214 3353 1299 3456; x_wconf 89' lang='lat' dir='ltr'>quis</span> <span class='ocrx_word' id='word_1_269' title='bbox 1336 3379 1429 3432; x_wconf 83' lang='lat' dir='ltr'>vero</span> <span class='ocrx_word' id='word_1_270' title='bbox 1463 3356 1645 3459; x_wconf 86' lang='lat' dir='ltr'>deinceps</span> 
     </span>
    </p>
   </div>
   <div class='ocr_carea' id='block_1_10' title="bbox 12 3451 1760 4238">
    <p class='ocr_par' dir='ltr' id='par_1_10' title="bbox 12 3451 1760 4238">
     <span class='ocr_line' id='line_1_31' title="bbox 135 3451 1646 3568; baseline 0.003 -38"><span class='ocrx_word' id='word_1_271' title='bbox 135 3456 236 3530; x_wconf 89' lang='lat' dir='ltr'>hanc</span> <span class='ocrx_word' id='word_1_272' title='bbox 269 3467 420 3529; x_wconf 88' lang='lat' dir='ltr'>nostrae</span> <span class='ocrx_word' id='word_1_273' title='bbox 448 3451 682 3532; x_wconf 84' lang='lat' dir='ltr'>auctoritatis</span> <span class='ocrx_word' id='word_1_274' title='bbox 713 3452 889 3553; x_wconf 82' lang='lat' dir='ltr'>paginam</span> <span class='ocrx_word' id='word_1_275' title='bbox 916 3466 1074 3568; x_wconf 88' lang='lat' dir='ltr'>propter</span> <span class='ocrx_word' id='word_1_276' title='bbox 1101 3479 1208 3529; x_wconf 89' lang='lat' dir='ltr'>suam</span> <span class='ocrx_word' id='word_1_277' title='bbox 1234 3452 1485 3556; x_wconf 88' lang='lat' dir='ltr'>cupiditatem</span> <span class='ocrx_word' id='word_1_278' title='bbox 1516 3455 1646 3534; x_wconf 86' lang='lat' dir='ltr'>inhiu-</span> 
     </span>
     <span class='ocr_line' id='line_1_32' title="bbox 135 3547 1647 3652; baseline 0 -23"><span class='ocrx_word' id='word_1_279' title='bbox 135 3557 227 3650; x_wconf 76' lang='lat' dir='ltr'>g&#39;ere</span> <span class='ocrx_word' id='word_1_280' title='bbox 251 3551 427 3646; x_wconf 81' lang='lat' dir='ltr'>voluerit,</span> <span class='ocrx_word' id='word_1_281' title='bbox 454 3561 623 3626; x_wconf 89' lang='lat' dir='ltr'>omnium</span> <span class='ocrx_word' id='word_1_282' title='bbox 649 3551 801 3626; x_wconf 87' lang='lat' dir='ltr'>illorum</span> <span class='ocrx_word' id='word_1_283' title='bbox 824 3549 1039 3644; x_wconf 86' lang='lat' dir='ltr'>criminum,</span> <span class='ocrx_word' id='word_1_284' title='bbox 1063 3566 1319 3652; x_wconf 86' lang='lat' dir='ltr'>peccatorum,</span> <span class='ocrx_word' id='word_1_285' title='bbox 1351 3547 1579 3631; x_wconf 84' lang='lat' dir='ltr'>delictorum</span> <span class='ocrx_word' id='word_1_286' title='bbox 1605 3549 1647 3629; x_wconf 90' lang='lat' dir='ltr'>iii</span> 
     </span>
     <span class='ocr_line' id='line_1_33' title="bbox 137 3647 1644 3752; baseline -0.001 -24"><span class='ocrx_word' id='word_1_287' title='bbox 137 3663 309 3728; x_wconf 81' lang='lat' dir='ltr'>extremo</span> <span class='ocrx_word' id='word_1_288' title='bbox 347 3663 386 3727; x_wconf 89' lang='lat' dir='ltr'>et</span> <span class='ocrx_word' id='word_1_289' title='bbox 426 3647 595 3725; x_wconf 89' lang='lat' dir='ltr'>districto</span> <span class='ocrx_word' id='word_1_290' title='bbox 629 3659 801 3725; x_wconf 89' lang='lat' dir='ltr'>examine</span> <span class='ocrx_word' id='word_1_291' title='bbox 830 3647 872 3723; x_wconf 90' lang='lat' dir='ltr'>in</span> <span class='ocrx_word' id='word_1_292' title='bbox 901 3663 1110 3750; x_wconf 86' lang='lat' dir='ltr'>praesentia</span> <span class='ocrx_word' id='word_1_293' title='bbox 1137 3651 1217 3726; x_wconf 91' lang='lat' dir='ltr'>Dni</span> <span class='ocrx_word' id='word_1_294' title='bbox 1253 3673 1339 3725; x_wconf 89' lang='lat' dir='ltr'>reus</span> <span class='ocrx_word' id='word_1_295' title='bbox 1362 3647 1529 3746; x_wconf 79' lang='lat' dir='ltr'>existat,</span> <span class='ocrx_word' id='word_1_296' title='bbox 1572 3677 1644 3752; x_wconf 88' lang='lat' dir='ltr'>pro</span> 
     </span>
     <span class='ocr_line' id='line_1_34' title="bbox 138 3745 1646 3850; baseline 0.001 -26"><span class='ocrx_word' id='word_1_297' title='bbox 138 3775 300 3850; x_wconf 87' lang='lat' dir='ltr'>quorum</span> <span class='ocrx_word' id='word_1_298' title='bbox 331 3747 569 3824; x_wconf 82' lang='lat' dir='ltr'>absolutione</span> <span class='ocrx_word' id='word_1_299' title='bbox 599 3759 639 3822; x_wconf 90' lang='lat' dir='ltr'>et</span> <span class='ocrx_word' id='word_1_300' title='bbox 673 3746 939 3846; x_wconf 89' lang='lat' dir='ltr'>redemptione</span> <span class='ocrx_word' id='word_1_301' title='bbox 970 3745 1055 3846; x_wconf 89' lang='lat' dir='ltr'>piae</span> <span class='ocrx_word' id='word_1_302' title='bbox 1085 3745 1302 3826; x_wconf 88' lang='lat' dir='ltr'>memoriae.</span> <span class='ocrx_word' id='word_1_303' title='bbox 1321 3745 1487 3842; x_wconf 78' lang='lat' dir='ltr'>genitrix</span> <span class='ocrx_word' id='word_1_304' title='bbox 1517 3762 1646 3826; x_wconf 88' lang='lat' dir='ltr'>nostra</span> 
     </span>
     <span class='ocr_line' id='line_1_35' title="bbox 136 3841 1760 3948; baseline 0 -26"><span class='ocrx_word' id='word_1_305' title='bbox 136 3846 261 3948; x_wconf 88' lang='lat' dir='ltr'>ipsum</span> <span class='ocrx_word' id='word_1_306' title='bbox 287 3843 562 3924; x_wconf 87' lang='lat' dir='ltr'>Monasterium</span> <span class='ocrx_word' id='word_1_307' title='bbox 588 3843 793 3937; x_wconf 86' lang='lat' dir='ltr'>ordinavit,</span> <span class='ocrx_word' id='word_1_308' title='bbox 835 3842 968 3921; x_wconf 86' lang='lat' dir='ltr'>ditavit</span> <span class='ocrx_word' id='word_1_309' title='bbox 992 3857 1109 3945; x_wconf 82' lang='lat' dir='ltr'>atque</span> <span class='ocrx_word' id='word_1_310' title='bbox 1138 3841 1414 3939; x_wconf 83' lang='lat' dir='ltr'>magnificavit,</span> <span class='ocrx_word' id='word_1_311' title='bbox 1445 3860 1485 3922; x_wconf 90' lang='lat' dir='ltr'>et</span> <span class='ocrx_word' id='word_1_312' title='bbox 1517 3861 1652 3926; x_wconf 75' lang='lat' dir='ltr'>tamen,</span> <span class='ocrx_word' id='word_1_313' title='bbox 1756 3885 1760 3892; x_wconf 49' lang='lat'>¹</span> 
     </span>
     <span class='ocr_line' id='line_1_36' title="bbox 136 3937 1660 4042; baseline -0.003 -22"><span class='ocrx_word' id='word_1_314' title='bbox 136 3973 248 4021; x_wconf 87' lang='lat' dir='ltr'>suum</span> <span class='ocrx_word' id='word_1_315' title='bbox 278 3949 420 4020; x_wconf 88' lang='lat' dir='ltr'>malum</span> <span class='ocrx_word' id='word_1_316' title='bbox 448 3941 614 4020; x_wconf 87' lang='lat' dir='ltr'>studium</span> <span class='ocrx_word' id='word_1_317' title='bbox 646 3941 742 4019; x_wconf 90' lang='lat' dir='ltr'>nihil</span> <span class='ocrx_word' id='word_1_318' title='bbox 778 3945 916 4038; x_wconf 87' lang='lat' dir='ltr'>valeat,</span> <span class='ocrx_word' id='word_1_319' title='bbox 953 3945 1019 4018; x_wconf 92' lang='lat' dir='ltr'>sed</span> <span class='ocrx_word' id='word_1_320' title='bbox 1042 3966 1163 4042; x_wconf 89' lang='lat' dir='ltr'>usque</span> <span class='ocrx_word' id='word_1_321' title='bbox 1186 3937 1231 4016; x_wconf 88' lang='lat' dir='ltr'>iii</span> <span class='ocrx_word' id='word_1_322' title='bbox 1259 3939 1376 4017; x_wconf 89' lang='lat' dir='ltr'>finem</span> <span class='ocrx_word' id='word_1_323' title='bbox 1406 3943 1543 4020; x_wconf 86' lang='lat' dir='ltr'>saeculi</span> <span class='ocrx_word' id='word_1_324' title='bbox 1571 3945 1660 4020; x_wconf 88' lang='lat' dir='ltr'>hoc.</span> 
     </span>
     <span class='ocr_line' id='line_1_37' title="bbox 12 4027 1648 4159; baseline 0 -40"><span class='ocrx_word' id='word_1_325' title='bbox 12 4071 18 4080; x_wconf 91' lang='lat'>·</span> <span class='ocrx_word' id='word_1_326' title='bbox 134 4058 381 4159; x_wconf 83' lang='lat' dir='ltr'>praeceptum</span> <span class='ocrx_word' id='word_1_327' title='bbox 417 4055 587 4120; x_wconf 90' lang='lat' dir='ltr'>nostrum</span> <span class='ocrx_word' id='word_1_328' title='bbox 617 4039 884 4117; x_wconf 85' lang='lat' dir='ltr'>inviolabiliter</span> <span class='ocrx_word' id='word_1_329' title='bbox 909 4050 1130 4144; x_wconf 82' lang='lat' dir='ltr'>&#39;perseveret</span> <span class='ocrx_word' id='word_1_330' title='bbox 1202 4039 1253 4114; x_wconf 85' lang='lat' dir='ltr'>Et</span> <span class='ocrx_word' id='word_1_331' title='bbox 1286 4059 1330 4113; x_wconf 90' lang='lat' dir='ltr'>ut</span> <span class='ocrx_word' id='word_1_332' title='bbox 1361 4027 1458 4118; x_wconf 88' lang='lat' dir='ltr'>haec</span> <span class='ocrx_word' id='word_1_333' title='bbox 1495 4055 1648 4119; x_wconf 85' lang='lat' dir='ltr'>nostrae</span> 
     </span>
     <span class='ocr_line' id='line_1_38' title="bbox 133 4135 1716 4238; baseline 0.001 -20"><span class='ocrx_word' id='word_1_334' title='bbox 133 4141 366 4221; x_wconf 81' lang='lat' dir='ltr'>auctoritatis</span> <span class='ocrx_word' id='word_1_335' title='bbox 396 4139 618 4218; x_wconf 88' lang='lat' dir='ltr'>constitutio</span> <span class='ocrx_word' id='word_1_336' title='bbox 650 4135 795 4215; x_wconf 87' lang='lat' dir='ltr'>firmior</span> <span class='ocrx_word' id='word_1_337' title='bbox 826 4151 866 4216; x_wconf 88' lang='lat' dir='ltr'>et</span> <span class='ocrx_word' id='word_1_338' title='bbox 898 4137 1038 4216; x_wconf 83' lang='lat' dir='ltr'>certior</span> <span class='ocrx_word' id='word_1_339' title='bbox 1061 4137 1246 4216; x_wconf 80' lang='lat' dir='ltr'>habeatur</span> <span class='ocrx_word' id='word_1_340' title='bbox 1276 4155 1316 4215; x_wconf 90' lang='lat' dir='ltr'>et</span> <span class='ocrx_word' id='word_1_341' title='bbox 1348 4137 1555 4238; x_wconf 75' lang='lat' dir='ltr'>diligenter</span> <span class='ocrx_word' id='word_1_342' title='bbox 1577 4139 1647 4218; x_wconf 84' lang='lat' dir='ltr'>ob-</span> <span class='ocrx_word' id='word_1_343' title='bbox 1713 4217 1716 4220; x_wconf 85' lang='grc'><em>,</em></span> 
     </span>
    </p>
   </div>
   <div class='ocr_carea' id='block_1_11' title="bbox 0 0 1812 4850">
    <p class='ocr_par' dir='ltr' id='par_1_11' title="bbox 0 0 1812 4850">
     <span class='ocr_line' id='line_1_39' title="bbox 0 0 1812 4850; baseline 0 2"><span class='ocrx_word' id='word_1_344' title='bbox 0 0 1812 4850; x_wconf 95' lang='lat' dir='ltr'> </span> 
     </span>
    </p>
   </div>
  </div>
 </body>
</html>
