<?xml version="1.0" encoding="UTF-8"?>
<!DOCTYPE html PUBLIC "-//W3C//DTD XHTML 1.0 Transitional//EN"
    "http://www.w3.org/TR/xhtml1/DTD/xhtml1-transitional.dtd">
<html xmlns="http://www.w3.org/1999/xhtml" xml:lang="en" lang="en">
 <head>
  <title>
</title>
<meta http-equiv="Content-Type" content="text/html;charset=utf-8" />
  <meta name='ocr-system' content='tesseract 3.04.00' />
  <meta name='ocr-capabilities' content='ocr_page ocr_carea ocr_par ocr_line ocrx_word'/>
</head>
<body>
  <div class='ocr_page' id='page_1' title='image "./codexchronologi01riedgoog_0562.png"; bbox 0 0 3710 4838; ppageno 0'>
   <div class='ocr_carea' id='block_1_1' title="bbox 648 221 1229 341">
    <p class='ocr_par' dir='ltr' id='par_1_1' title="bbox 648 221 1229 341">
     <span class='ocr_line' id='line_1_1' title="bbox 648 221 1229 341; baseline 0 -23"><span class='ocrx_word' id='word_1_1' title='bbox 648 303 655 318; x_wconf 89' lang='lat'>.</span> <span class='ocrx_word' id='word_1_2' title='bbox 764 232 958 341; x_wconf 55' lang='lat' dir='ltr'><strong>adsto</strong></span> <span class='ocrx_word' id='word_1_3' title='bbox 1006 221 1119 314; x_wconf 57' lang='lat' dir='ltr'><strong>&#39;m‘</strong></span> <span class='ocrx_word' id='word_1_4' title='bbox 1226 311 1229 318; x_wconf 83' lang='lat'><strong>.</strong></span> 
     </span>
    </p>
   </div>
   <div class='ocr_carea' id='block_1_2' title="bbox 93 397 1790 640">
    <p class='ocr_par' dir='ltr' id='par_1_2' title="bbox 93 397 1790 640">
     <span class='ocr_line' id='line_1_2' title="bbox 264 397 1617 524; baseline -0.004 -18"><span class='ocrx_word' id='word_1_5' title='bbox 264 416 266 424; x_wconf 80' lang='grc'><em>’</em></span> <span class='ocrx_word' id='word_1_6' title='bbox 340 423 711 506; x_wconf 66' lang='lat' dir='ltr'><strong>omniun.</strong></span> <span class='ocrx_word' id='word_1_7' title='bbox 762 421 866 518; x_wconf 70' lang='lat' dir='ltr'><strong>ms.</strong></span> <span class='ocrx_word' id='word_1_8' title='bbox 886 441 951 512; x_wconf 69' lang='lat' dir='ltr'><strong>m</strong></span> <span class='ocrx_word' id='word_1_9' title='bbox 976 417 1108 522; x_wconf 71' lang='lat' dir='ltr'><strong>spur..</strong></span> <span class='ocrx_word' id='word_1_10' title='bbox 1165 417 1227 499; x_wconf 74' lang='lat' dir='ltr'><strong>ux</strong></span> <span class='ocrx_word' id='word_1_11' title='bbox 1254 397 1451 520; x_wconf 71' lang='lat' dir='ltr'><strong>ongum</strong></span> <span class='ocrx_word' id='word_1_12' title='bbox 1564 421 1617 524; x_wconf 60' lang='lat' dir='ltr'><em>J</em></span> 
     </span>
     <span class='ocr_line' id='line_1_3' title="bbox 93 541 1790 640; baseline -0.002 -29"><span class='ocrx_word' id='word_1_13' title='bbox 93 597 100 611; x_wconf 60' lang='lat'><strong>,</strong></span> <span class='ocrx_word' id='word_1_14' title='bbox 162 553 269 640; x_wconf 67' lang='lat' dir='ltr'><strong>Eruuo</strong></span> <span class='ocrx_word' id='word_1_15' title='bbox 292 553 331 622; x_wconf 73' lang='lat' dir='ltr'><strong>dr</strong></span> <span class='ocrx_word' id='word_1_16' title='bbox 352 553 531 628; x_wconf 79' lang='lat' dir='ltr'><strong>Brennberg</strong></span> <span class='ocrx_word' id='word_1_17' title='bbox 549 549 643 608; x_wconf 51' lang='lat' dir='ltr'><strong>¹offert</strong></span> <span class='ocrx_word' id='word_1_18' title='bbox 660 546 800 604; x_wconf 77' lang='lat' dir='ltr'><strong>Castrum</strong></span> <span class='ocrx_word' id='word_1_19' title='bbox 819 563 911 602; x_wconf 86' lang='lat' dir='ltr'><strong>suum</strong></span> <span class='ocrx_word' id='word_1_20' title='bbox 932 541 1113 620; x_wconf 81' lang='lat' dir='ltr'><strong>Breunberg</strong></span> <span class='ocrx_word' id='word_1_21' title='bbox 1129 541 1282 602; x_wconf 85' lang='lat' dir='ltr'><strong>Ecclesiae</strong></span> <span class='ocrx_word' id='word_1_22' title='bbox 1304 543 1465 606; x_wconf 80' lang='lat' dir='ltr'><strong>llutisbou·</strong></span> <span class='ocrx_word' id='word_1_23' title='bbox 1485 546 1666 616; x_wconf 75' lang='lat' dir='ltr'><strong>inleudum.</strong></span> <span class='ocrx_word' id='word_1_24' title='bbox 1778 603 1790 618; x_wconf 55' lang='lat'><em>„</em></span> 
     </span>
    </p>
   </div>
   <div class='ocr_carea' id='block_1_3' title="bbox 165 631 1667 840">
    <p class='ocr_par' dir='ltr' id='par_1_3' title="bbox 165 631 1667 840">
     <span class='ocr_line' id='line_1_4' title="bbox 206 631 1667 741; baseline -0.003 -20"><span class='ocrx_word' id='word_1_25' title='bbox 206 641 210 650; x_wconf 64' lang='grc'>’</span> <span class='ocrx_word' id='word_1_26' title='bbox 264 643 344 720; x_wconf 91' lang='lat' dir='ltr'><strong>Nos</strong></span> <span class='ocrx_word' id='word_1_27' title='bbox 372 642 469 719; x_wconf 85' lang='lat' dir='ltr'><strong>Leo</strong></span> <span class='ocrx_word' id='word_1_28' title='bbox 500 635 749 716; x_wconf 79' lang='lat' dir='ltr'><strong>miseracione</strong></span> <span class='ocrx_word' id='word_1_29' title='bbox 779 634 903 713; x_wconf 85' lang='lat' dir='ltr'><strong>divina</strong></span> <span class='ocrx_word' id='word_1_30' title='bbox 936 631 1181 732; x_wconf 82' lang='lat' dir='ltr'><strong>llatisponen.</strong></span> <span class='ocrx_word' id='word_1_31' title='bbox 1212 631 1336 735; x_wconf 91' lang='lat' dir='ltr'><strong>Epus,</strong></span> <span class='ocrx_word' id='word_1_32' title='bbox 1370 634 1561 714; x_wconf 82' lang='lat' dir='ltr'><strong>Universis</strong></span> <span class='ocrx_word' id='word_1_33' title='bbox 1589 667 1667 741; x_wconf 86' lang='lat' dir='ltr'><strong>pre-</strong></span> 
     </span>
     <span class='ocr_line' id='line_1_5' title="bbox 165 729 1667 840; baseline -0.005 -18"><span class='ocrx_word' id='word_1_34' title='bbox 165 742 286 822; x_wconf 88' lang='lat' dir='ltr'><strong>sentia</strong></span> <span class='ocrx_word' id='word_1_35' title='bbox 316 737 542 840; x_wconf 88' lang='lat' dir='ltr'><strong>inspecturis</strong></span> <span class='ocrx_word' id='word_1_36' title='bbox 560 737 734 812; x_wconf 89' lang='lat' dir='ltr'><strong>volumus</strong></span> <span class='ocrx_word' id='word_1_37' title='bbox 762 757 843 810; x_wconf 84' lang='lat' dir='ltr'><strong>esse</strong></span> <span class='ocrx_word' id='word_1_38' title='bbox 876 743 1026 823; x_wconf 87' lang='lat' dir='ltr'><strong>notum,</strong></span> <span class='ocrx_word' id='word_1_39' title='bbox 1060 732 1164 832; x_wconf 87' lang='lat' dir='ltr'><strong>quod</strong></span> <span class='ocrx_word' id='word_1_40' title='bbox 1197 729 1356 806; x_wconf 88' lang='lat' dir='ltr'><strong>dilectus</strong></span> <span class='ocrx_word' id='word_1_41' title='bbox 1384 731 1426 808; x_wconf 90' lang='lat' dir='ltr'><strong>in</strong></span> <span class='ocrx_word' id='word_1_42' title='bbox 1442 737 1535 836; x_wconf 87' lang='lat' dir='ltr'><strong>·Xpo</strong></span> <span class='ocrx_word' id='word_1_43' title='bbox 1560 735 1667 816; x_wconf 85' lang='lat' dir='ltr'><strong>lrater</strong></span> 
     </span>
    </p>
   </div>
   <div class='ocr_carea' id='block_1_4' title="bbox 158 825 1797 937">
    <p class='ocr_par' dir='ltr' id='par_1_4' title="bbox 158 825 1797 937">
     <span class='ocr_line' id='line_1_6' title="bbox 158 825 1797 937; baseline -0.014 -20"><span class='ocrx_word' id='word_1_44' title='bbox 158 854 301 937; x_wconf 59' lang='lat' dir='ltr'><strong>‚noster</strong></span> <span class='ocrx_word' id='word_1_45' title='bbox 319 837 452 918; x_wconf 84' lang='lat' dir='ltr'><strong>Bruno</strong></span> <span class='ocrx_word' id='word_1_46' title='bbox 477 838 525 912; x_wconf 85' lang='lat' dir='ltr'><strong>de</strong></span> <span class='ocrx_word' id='word_1_47' title='bbox 545 829 798 916; x_wconf 82' lang='lat' dir='ltr'><strong>Brennberch</strong></span> <span class='ocrx_word' id='word_1_48' title='bbox 816 829 948 905; x_wconf 87' lang='lat' dir='ltr'><strong>Ecclie</strong></span> <span class='ocrx_word' id='word_1_49' title='bbox 975 852 1046 904; x_wconf 89' lang='lat' dir='ltr'><strong>nre</strong></span> <span class='ocrx_word' id='word_1_50' title='bbox 1078 827 1291 924; x_wconf 82' lang='lat' dir='ltr'><strong>Canonicus</strong></span> <span class='ocrx_word' id='word_1_51' title='bbox 1316 825 1459 932; x_wconf 64' lang='lat' dir='ltr'><strong>habito¹</strong></span> <span class='ocrx_word' id='word_1_52' title='bbox 1472 861 1572 912; x_wconf 86' lang='lat' dir='ltr'><strong>sano·</strong></span> <span class='ocrx_word' id='word_1_53' title='bbox 1586 861 1669 913; x_wconf 89' lang='lat' dir='ltr'><strong>con·</strong></span> <span class='ocrx_word' id='word_1_54' title='bbox 1789 838 1797 894; x_wconf 88' lang='grc'><strong>·.</strong></span> 
     </span>
    </p>
   </div>
   <div class='ocr_carea' id='block_1_5' title="bbox 41 925 1712 2294">
    <p class='ocr_par' dir='ltr' id='par_1_5' title="bbox 97 925 1671 1232">
     <span class='ocr_line' id='line_1_7' title="bbox 151 925 1670 1033; baseline -0.001 -21"><span class='ocrx_word' id='word_1_55' title='bbox 151 937 268 1032; x_wconf 77' lang='lat' dir='ltr'><strong>silio,</strong></span> <span class='ocrx_word' id='word_1_56' title='bbox 298 940 431 1017; x_wconf 86' lang='lat' dir='ltr'><strong>volens</strong></span> <span class='ocrx_word' id='word_1_57' title='bbox 459 931 617 1028; x_wconf 85' lang='lat' dir='ltr'><strong>clericus</strong></span> <span class='ocrx_word' id='word_1_58' title='bbox 643 953 851 1020; x_wconf 87' lang='lat' dir='ltr'><strong>remanere,</strong></span> <span class='ocrx_word' id='word_1_59' title='bbox 884 949 954 1026; x_wconf 84' lang='lat' dir='ltr'><strong>pro</strong></span> <span class='ocrx_word' id='word_1_60' title='bbox 984 925 1156 1002; x_wconf 89' lang='lat' dir='ltr'><strong>remedio</strong></span> <span class='ocrx_word' id='word_1_61' title='bbox 1185 927 1312 1003; x_wconf 86' lang='lat' dir='ltr'><strong>anime</strong></span> <span class='ocrx_word' id='word_1_62' title='bbox 1333 953 1402 1004; x_wconf 91' lang='lat' dir='ltr'><strong>sue</strong></span> <span class='ocrx_word' id='word_1_63' title='bbox 1426 956 1470 1008; x_wconf 88' lang='lat' dir='ltr'><strong>ae</strong></span> <span class='ocrx_word' id='word_1_64' title='bbox 1501 945 1670 1033; x_wconf 78' lang='lat' dir='ltr'><strong>progent-</strong></span> 
     </span>
     <span class='ocr_line' id='line_1_8' title="bbox 101 1022 1671 1130; baseline -0.003 -20"><span class='ocrx_word' id='word_1_65' title='bbox 101 1091 108 1109; x_wconf 69' lang='grc'>,</span> <span class='ocrx_word' id='word_1_66' title='bbox 163 1046 294 1121; x_wconf 82' lang='lat' dir='ltr'><strong>torum</strong></span> <span class='ocrx_word' id='word_1_67' title='bbox 317 1059 471 1116; x_wconf 87' lang='lat' dir='ltr'><strong>suorum</strong></span> <span class='ocrx_word' id='word_1_68' title='bbox 519 1043 637 1104; x_wconf 87' lang='lat' dir='ltr'><strong>artem</strong></span> <span class='ocrx_word' id='word_1_69' title='bbox 691 1024 1044 1124; x_wconf 75' lang='lat' dir='ltr'><strong>roprietatis·0astri</strong></span> <span class='ocrx_word' id='word_1_70' title='bbox 1068 1022 1109 1100; x_wconf 88' lang='lat' dir='ltr'><strong>iu</strong></span> <span class='ocrx_word' id='word_1_71' title='bbox 1129 1023 1439 1101; x_wconf 87' lang='lat' dir='ltr'><strong>Brenuberch</strong></span> <span class='ocrx_word' id='word_1_72' title='bbox 1460 1057 1549 1106; x_wconf 89' lang='lat' dir='ltr'><strong>cum</strong></span> <span class='ocrx_word' id='word_1_73' title='bbox 1568 1043 1671 1130; x_wconf 90' lang='lat' dir='ltr'><strong>parte</strong></span> 
     </span>
     <span class='ocr_line' id='line_1_9' title="bbox 97 1055 1670 1232; baseline -0.003 -24"><span class='ocrx_word' id='word_1_74' title='bbox 97 1155 102 1160; x_wconf 81' lang='grc'><em>·</em></span> <span class='ocrx_word' id='word_1_75' title='bbox 164 1129 294 1224; x_wconf 83' lang='lat' dir='ltr'><strong>altera,</strong></span> <span class='ocrx_word' id='word_1_76' title='bbox 326 1156 402 1232; x_wconf 89' lang='lat' dir='ltr'><strong>que</strong></span> <span class='ocrx_word' id='word_1_77' title='bbox 423 1059 576 1207; x_wconf 82' lang='lat' dir='ltr'><strong>feodum</strong></span> <span class='ocrx_word' id='word_1_78' title='bbox 595 1126 641 1202; x_wconf 87' lang='lat' dir='ltr'><strong>ab</strong></span> <span class='ocrx_word' id='word_1_79' title='bbox 663 1055 793 1203; x_wconf 71' lang='lat' dir='ltr'><strong>ijcclia</strong></span> <span class='ocrx_word' id='word_1_80' title='bbox 816 1149 882 1198; x_wconf 89' lang='lat' dir='ltr'><strong>nra</strong></span> <span class='ocrx_word' id='word_1_81' title='bbox 904 1121 987 1213; x_wconf 86' lang='lat' dir='ltr'><strong>suit,</strong></span> <span class='ocrx_word' id='word_1_82' title='bbox 1020 1137 1058 1198; x_wconf 88' lang='lat' dir='ltr'><strong>et</strong></span> <span class='ocrx_word' id='word_1_83' title='bbox 1081 1122 1209 1196; x_wconf 89' lang='lat' dir='ltr'><strong>omnia</strong></span> <span class='ocrx_word' id='word_1_84' title='bbox 1231 1121 1303 1198; x_wconf 88' lang='lat' dir='ltr'><strong>alia</strong></span> <span class='ocrx_word' id='word_1_85' title='bbox 1329 1123 1453 1219; x_wconf 86' lang='lat' dir='ltr'><strong>feuda,</strong></span> <span class='ocrx_word' id='word_1_86' title='bbox 1488 1154 1563 1228; x_wconf 88' lang='lat' dir='ltr'><strong>que</strong></span> <span class='ocrx_word' id='word_1_87' title='bbox 1589 1157 1670 1228; x_wconf 89' lang='lat' dir='ltr'><strong>pro·</strong></span> 
     </span>
    </p>

    <p class='ocr_par' dir='ltr' id='par_1_6' title="bbox 122 1219 1671 1326">
     <span class='ocr_line' id='line_1_10' title="bbox 122 1219 1671 1326; baseline -0.003 -19"><span class='ocrx_word' id='word_1_88' title='bbox 122 1261 129 1274; x_wconf 85' lang='lat'><strong>·</strong></span> <span class='ocrx_word' id='word_1_89' title='bbox 152 1227 157 1244; x_wconf 70' lang='grc'><strong>”</strong></span> <span class='ocrx_word' id='word_1_90' title='bbox 165 1231 360 1326; x_wconf 82' lang='lat' dir='ltr'><strong>genitores</strong></span> <span class='ocrx_word' id='word_1_91' title='bbox 379 1227 444 1320; x_wconf 57' lang='lat' dir='ltr'><strong>,sui</strong></span> <span class='ocrx_word' id='word_1_92' title='bbox 469 1222 704 1322; x_wconf 78' lang='lat' dir='ltr'><strong>allatispon.</strong></span> <span class='ocrx_word' id='word_1_93' title='bbox 728 1221 859 1298; x_wconf 78' lang='lat' dir='ltr'><strong>Ecclie</strong></span> <span class='ocrx_word' id='word_1_94' title='bbox 878 1219 1019 1295; x_wconf 87' lang='lat' dir='ltr'><strong>leudali</strong></span> <span class='ocrx_word' id='word_1_95' title='bbox 1043 1219 1156 1294; x_wconf 89' lang='lat' dir='ltr'><strong>titulo</strong></span> <span class='ocrx_word' id='word_1_96' title='bbox 1181 1219 1367 1296; x_wconf 88' lang='lat' dir='ltr'><strong>hactenus</strong></span> <span class='ocrx_word' id='word_1_97' title='bbox 1386 1237 1603 1319; x_wconf 89' lang='lat' dir='ltr'><strong>tenuerunt,</strong></span> <span class='ocrx_word' id='word_1_98' title='bbox 1634 1238 1671 1304; x_wconf 87' lang='lat' dir='ltr'><strong>et</strong></span> 
     </span>
    </p>

    <p class='ocr_par' dir='ltr' id='par_1_7' title="bbox 41 1315 1712 2294">
     <span class='ocr_line' id='line_1_11' title="bbox 50 1315 1670 1420; baseline 0.001 -20"><span class='ocrx_word' id='word_1_99' title='bbox 50 1329 79 1385; x_wconf 84' lang='grc'><strong>-’</strong></span> <span class='ocrx_word' id='word_1_100' title='bbox 116 1335 121 1344; x_wconf 90' lang='grc'><em>“</em></span> <span class='ocrx_word' id='word_1_101' title='bbox 149 1353 245 1420; x_wconf 60' lang='lat' dir='ltr'><strong>,ue</strong></span> <span class='ocrx_word' id='word_1_102' title='bbox 268 1353 289 1398; x_wconf 90' lang='lat' dir='ltr'><strong>a</strong></span> <span class='ocrx_word' id='word_1_103' title='bbox 313 1325 423 1408; x_wconf 83' lang='lat' dir='ltr'><strong>nobis</strong></span> <span class='ocrx_word' id='word_1_104' title='bbox 445 1324 487 1400; x_wconf 89' lang='lat' dir='ltr'><strong>in</strong></span> <span class='ocrx_word' id='word_1_105' title='bbox 513 1321 670 1398; x_wconf 85' lang='lat' dir='ltr'><strong>seudum</strong></span> <span class='ocrx_word' id='word_1_106' title='bbox 696 1331 893 1418; x_wconf 82' lang='lat' dir='ltr'>receperat</span> <span class='ocrx_word' id='word_1_107' title='bbox 916 1315 1020 1393; x_wconf 91' lang='lat' dir='ltr'><strong>idem</strong></span> <span class='ocrx_word' id='word_1_108' title='bbox 1048 1315 1192 1408; x_wconf 87' lang='lat' dir='ltr'><strong>Bruno,</strong></span> <span class='ocrx_word' id='word_1_109' title='bbox 1222 1318 1271 1393; x_wconf 91' lang='lat' dir='ltr'><strong>ad</strong></span> <span class='ocrx_word' id='word_1_110' title='bbox 1302 1323 1670 1420; x_wconf 83' lang='lat' dir='ltr'><strong>honoremVirglnts</strong></span> 
     </span>
     <span class='ocr_line' id='line_1_12' title="bbox 83 1414 1672 1522; baseline -0.005 -23"><span class='ocrx_word' id='word_1_111' title='bbox 83 1458 88 1466; x_wconf 90' lang='lat'><em>·</em></span> <span class='ocrx_word' id='word_1_112' title='bbox 162 1423 331 1522; x_wconf 81' lang='lat' dir='ltr'><strong>goriose</strong></span> <span class='ocrx_word' id='word_1_113' title='bbox 358 1451 403 1504; x_wconf 85' lang='lat' dir='ltr'><strong>ao</strong></span> <span class='ocrx_word' id='word_1_114' title='bbox 424 1418 528 1499; x_wconf 86' lang='lat' dir='ltr'><strong>beati</strong></span> <span class='ocrx_word' id='word_1_115' title='bbox 548 1415 665 1493; x_wconf 81' lang='lat' dir='ltr'><strong>Petri&#39;</strong></span> <span class='ocrx_word' id='word_1_116' title='bbox 684 1416 796 1493; x_wconf 86' lang='lat' dir='ltr'><strong>nobis</strong></span> <span class='ocrx_word' id='word_1_117' title='bbox 820 1431 859 1493; x_wconf 90' lang='lat' dir='ltr'><strong>et</strong></span> <span class='ocrx_word' id='word_1_118' title='bbox 881 1414 1013 1491; x_wconf 89' lang='lat' dir='ltr'><strong>Ecclie</strong></span> <span class='ocrx_word' id='word_1_119' title='bbox 1037 1440 1107 1492; x_wconf 89' lang='lat' dir='ltr'><strong>nre</strong></span> <span class='ocrx_word' id='word_1_120' title='bbox 1133 1419 1227 1514; x_wconf 85' lang='lat' dir='ltr'><strong>pure</strong></span> <span class='ocrx_word' id='word_1_121' title='bbox 1251 1427 1296 1492; x_wconf 75' lang='lat' dir='ltr'><strong>et·</strong></span> <span class='ocrx_word' id='word_1_122' title='bbox 1314 1417 1538 1520; x_wconf 81' lang='lat' dir='ltr'><strong>simpliciter</strong></span> <span class='ocrx_word' id='word_1_123' title='bbox 1565 1435 1672 1520; x_wconf 78' lang='lat' dir='ltr'><strong>resig-</strong></span> 
     </span>
     <span class='ocr_line' id='line_1_13' title="bbox 165 1511 1712 1633; baseline -0.002 -36"><span class='ocrx_word' id='word_1_124' title='bbox 165 1520 280 1614; x_wconf 81' lang='lat' dir='ltr'><strong>navit,</strong></span> <span class='ocrx_word' id='word_1_125' title='bbox 314 1521 378 1613; x_wconf 88' lang='lat' dir='ltr'><strong>ita,</strong></span> <span class='ocrx_word' id='word_1_126' title='bbox 405 1519 512 1633; x_wconf 81' lang='lat' dir='ltr'><strong>quod</strong></span> <span class='ocrx_word' id='word_1_127' title='bbox 537 1515 658 1616; x_wconf 89' lang='lat' dir='ltr'><strong>ipsum</strong></span> <span class='ocrx_word' id='word_1_128' title='bbox 689 1511 861 1594; x_wconf 79' lang='lat' dir='ltr'><strong>Castrum</strong></span> <span class='ocrx_word' id='word_1_129' title='bbox 874 1511 1022 1618; x_wconf 68' lang='lat' dir='ltr'><strong>feudali</strong></span> <span class='ocrx_word' id='word_1_130' title='bbox 1050 1511 1174 1604; x_wconf 89' lang='lat' dir='ltr'><strong>titulo,</strong></span> <span class='ocrx_word' id='word_1_131' title='bbox 1202 1528 1240 1590; x_wconf 91' lang='lat' dir='ltr'><strong>et</strong></span> <span class='ocrx_word' id='word_1_132' title='bbox 1260 1515 1520 1614; x_wconf 88' lang='lat' dir='ltr'><strong>predictorum</strong></span> <span class='ocrx_word' id='word_1_133' title='bbox 1548 1520 1673 1596; x_wconf 84' lang='lat' dir='ltr'><strong>leudo·</strong></span> <span class='ocrx_word' id='word_1_134' title='bbox 1708 1539 1712 1546; x_wconf 85' lang='lat'><em>&#39;</em></span> 
     </span>
     <span class='ocr_line' id='line_1_14' title="bbox 152 1608 1674 1726; baseline 0.001 -32"><span class='ocrx_word' id='word_1_135' title='bbox 152 1617 252 1697; x_wconf 80' lang='lat' dir='ltr'><strong>&#39;rum</strong></span> <span class='ocrx_word' id='word_1_136' title='bbox 273 1633 547 1719; x_wconf 68' lang='lat' dir='ltr'><strong>possessionem</strong></span> <span class='ocrx_word' id='word_1_137' title='bbox 570 1641 656 1696; x_wconf 84' lang='lat' dir='ltr'><strong>cum</strong></span> <span class='ocrx_word' id='word_1_138' title='bbox 679 1623 783 1686; x_wconf 87' lang='lat' dir='ltr'><strong>omni</strong></span> <span class='ocrx_word' id='word_1_139' title='bbox 803 1611 966 1689; x_wconf 87' lang='lat' dir='ltr'><strong>utilitate</strong></span> <span class='ocrx_word' id='word_1_140' title='bbox 988 1608 1148 1704; x_wconf 81' lang='lat' dir='ltr'><strong>tenebit,</strong></span> <span class='ocrx_word' id='word_1_141' title='bbox 1175 1624 1339 1710; x_wconf 81' lang='lat' dir='ltr'><strong>excepto</strong></span> <span class='ocrx_word' id='word_1_142' title='bbox 1359 1615 1570 1726; x_wconf 81' lang='lat' dir='ltr'><strong>dapiferatu</strong></span> <span class='ocrx_word' id='word_1_143' title='bbox 1589 1645 1674 1696; x_wconf 86' lang='lat' dir='ltr'><strong>cum</strong></span> 
     </span>
     <span class='ocr_line' id='line_1_15' title="bbox 41 1707 1673 1816; baseline -0.002 -22"><span class='ocrx_word' id='word_1_144' title='bbox 41 1723 49 1736; x_wconf 84' lang='grc'><strong>“</strong></span> <span class='ocrx_word' id='word_1_145' title='bbox 152 1711 242 1794; x_wconf 82' lang='lat' dir='ltr'><strong>&#39;suis</strong></span> <span class='ocrx_word' id='word_1_146' title='bbox 270 1713 521 1815; x_wconf 86' lang='lat' dir='ltr'><strong>pertinentiis,</strong></span> <span class='ocrx_word' id='word_1_147' title='bbox 554 1738 623 1811; x_wconf 90' lang='lat' dir='ltr'><strong>pro</strong></span> <span class='ocrx_word' id='word_1_148' title='bbox 655 1723 829 1808; x_wconf 86' lang='lat' dir='ltr'><strong>tempore</strong></span> <span class='ocrx_word' id='word_1_149' title='bbox 868 1707 954 1782; x_wconf 87' lang='lat' dir='ltr'><strong>Vite</strong></span> <span class='ocrx_word' id='word_1_150' title='bbox 996 1732 1075 1784; x_wconf 89' lang='lat' dir='ltr'><strong>sue.</strong></span> <span class='ocrx_word' id='word_1_151' title='bbox 1150 1708 1324 1784; x_wconf 83' lang='lat' dir='ltr'><strong>Dilectus</strong></span> <span class='ocrx_word' id='word_1_152' title='bbox 1363 1726 1478 1805; x_wconf 79' lang='lat' dir='ltr'><strong>etiam</strong></span> <span class='ocrx_word' id='word_1_153' title='bbox 1512 1715 1554 1790; x_wconf 89' lang='lat' dir='ltr'><strong>in</strong></span> <span class='ocrx_word' id='word_1_154' title='bbox 1589 1715 1673 1816; x_wconf 84' lang='lat' dir='ltr'><strong>Xpo</strong></span> 
     </span>
     <span class='ocr_line' id='line_1_16' title="bbox 153 1803 1676 1916; baseline 0.001 -27"><span class='ocrx_word' id='word_1_155' title='bbox 153 1813 282 1890; x_wconf 79' lang='lat' dir='ltr'><strong>&#39;frater</strong></span> <span class='ocrx_word' id='word_1_156' title='bbox 313 1825 445 1890; x_wconf 88' lang='lat' dir='ltr'><strong>noster</strong></span> <span class='ocrx_word' id='word_1_157' title='bbox 469 1805 674 1886; x_wconf 87' lang='lat' dir='ltr'><strong>Heinricus</strong></span> <span class='ocrx_word' id='word_1_158' title='bbox 709 1809 758 1882; x_wconf 88' lang='lat' dir='ltr'><strong>de</strong></span> <span class='ocrx_word' id='word_1_159' title='bbox 786 1803 963 1884; x_wconf 85' lang='lat' dir='ltr'><strong>Rutenek</strong></span> <span class='ocrx_word' id='word_1_160' title='bbox 991 1803 1125 1916; x_wconf 75' lang='lat' dir='ltr'><strong>Ecclie</strong></span> <span class='ocrx_word' id='word_1_161' title='bbox 1164 1830 1234 1881; x_wconf 85' lang='lat' dir='ltr'><strong>ure</strong></span> <span class='ocrx_word' id='word_1_162' title='bbox 1264 1807 1597 1916; x_wconf 86' lang='lat' dir='ltr'><strong>Archidyaconus,</strong></span> <span class='ocrx_word' id='word_1_163' title='bbox 1639 1825 1676 1890; x_wconf 81' lang='lat' dir='ltr'><strong>et</strong></span> 
     </span>
     <span class='ocr_line' id='line_1_17' title="bbox 153 1900 1677 2014; baseline -0.002 -27"><span class='ocrx_word' id='word_1_164' title='bbox 153 1909 394 1988; x_wconf 79' lang='lat' dir='ltr'><strong>&#39;Chunradus</strong></span> <span class='ocrx_word' id='word_1_165' title='bbox 417 1909 465 1988; x_wconf 86' lang='lat' dir='ltr'><strong>de</strong></span> <span class='ocrx_word' id='word_1_166' title='bbox 488 1904 670 1988; x_wconf 81' lang='lat' dir='ltr'><strong>Ereuvels</strong></span> <span class='ocrx_word' id='word_1_167' title='bbox 695 1901 949 2014; x_wconf 81' lang='lat' dir='ltr'><strong>ministerialis</strong></span> <span class='ocrx_word' id='word_1_168' title='bbox 966 1900 1105 1977; x_wconf 81' lang='lat' dir='ltr'><strong>Ecelre&#39;</strong></span> <span class='ocrx_word' id='word_1_169' title='bbox 1130 1927 1200 1978; x_wconf 84' lang='lat' dir='ltr'><strong>ure</strong></span> <span class='ocrx_word' id='word_1_170' title='bbox 1220 1901 1452 1985; x_wconf 86' lang='lat' dir='ltr'><strong>Castellanos</strong></span> <span class='ocrx_word' id='word_1_171' title='bbox 1478 1925 1521 1985; x_wconf 88' lang='lat' dir='ltr'><strong>et</strong></span> <span class='ocrx_word' id='word_1_172' title='bbox 1536 1911 1677 2000; x_wconf 56' lang='lat' dir='ltr'><strong>Tutus,</strong></span> 
     </span>
     <span class='ocr_line' id='line_1_18' title="bbox 154 1999 1678 2126; baseline 0.003 -46"><span class='ocrx_word' id='word_1_173' title='bbox 154 2005 242 2126; x_wconf 63' lang='lat' dir='ltr'><strong>&#39;pios</strong></span> <span class='ocrx_word' id='word_1_174' title='bbox 270 2019 310 2082; x_wconf 89' lang='lat' dir='ltr'><strong>in</strong></span> <span class='ocrx_word' id='word_1_175' title='bbox 344 2007 358 2081; x_wconf 90' lang='lat' dir='ltr'><strong>i</strong></span> <span class='ocrx_word' id='word_1_176' title='bbox 385 2005 591 2094; x_wconf 30' lang='lat' dir='ltr'><strong>soiCastro</strong></span> <span class='ocrx_word' id='word_1_177' title='bbox 624 2012 781 2079; x_wconf 88' lang='lat' dir='ltr'><strong>nomine</strong></span> <span class='ocrx_word' id='word_1_178' title='bbox 812 2001 943 2076; x_wconf 88' lang='lat' dir='ltr'><strong>Ecche</strong></span> <span class='ocrx_word' id='word_1_179' title='bbox 976 2025 1046 2075; x_wconf 92' lang='lat' dir='ltr'><strong>nre</strong></span> <span class='ocrx_word' id='word_1_180' title='bbox 1077 1999 1278 2088; x_wconf 63' lang='lat' dir='ltr'><strong>locabunt⁴</strong></span> <span class='ocrx_word' id='word_1_181' title='bbox 1296 2002 1345 2077; x_wconf 88' lang='lat' dir='ltr'><strong>ad</strong></span> <span class='ocrx_word' id='word_1_182' title='bbox 1374 2009 1678 2096; x_wconf 82' lang='lat' dir='ltr'><strong>¹conseruandum</strong></span> 
     </span>
     <span class='ocr_line' id='line_1_19' title="bbox 91 2037 1679 2271; baseline 0.001 -92"><span class='ocrx_word' id='word_1_183' title='bbox 91 2135 120 2202; x_wconf 80' lang='grc' dir='ltr'><strong> </strong></span> <span class='ocrx_word' id='word_1_184' title='bbox 166 2095 339 2208; x_wconf 65' lang='lat' dir='ltr'><strong>predicte</strong></span> <span class='ocrx_word' id='word_1_185' title='bbox 358 2037 493 2196; x_wconf 62' lang='lat' dir='ltr'><strong>ii&#39;cplie</strong></span> <span class='ocrx_word' id='word_1_186' title='bbox 520 2127 589 2178; x_wconf 84' lang='lat' dir='ltr'><strong>ure</strong></span> <span class='ocrx_word' id='word_1_187' title='bbox 618 2097 783 2176; x_wconf 85' lang='lat' dir='ltr'><strong>fideliter</strong></span> <span class='ocrx_word' id='word_1_188' title='bbox 810 2095 933 2196; x_wconf 91' lang='lat' dir='ltr'><strong>ipsum</strong></span> <span class='ocrx_word' id='word_1_189' title='bbox 954 2101 1138 2187; x_wconf 82' lang='lat' dir='ltr'><strong>Castrum,</strong></span> <span class='ocrx_word' id='word_1_190' title='bbox 1170 2097 1238 2271; x_wconf 56' lang='grc' dir='ltr'><strong>Ἐπὶ</strong></span> <span class='ocrx_word' id='word_1_191' title='bbox 1264 2109 1395 2178; x_wconf 73' lang='lat' dir='ltr'><strong>tanmn</strong></span> <span class='ocrx_word' id='word_1_192' title='bbox 1428 2099 1559 2180; x_wconf 85' lang='lat' dir='ltr'><strong>eidem</strong></span> <span class='ocrx_word' id='word_1_193' title='bbox 1588 2105 1679 2180; x_wconf 88' lang='lat' dir='ltr'><strong>Bru·</strong></span> 
     </span>
     <span class='ocr_line' id='line_1_20' title="bbox 152 2192 1681 2294; baseline -0.001 -14"><span class='ocrx_word' id='word_1_194' title='bbox 152 2192 326 2288; x_wconf 82' lang='lat' dir='ltr'><strong>&#39;no&#39;niin</strong></span> <span class='ocrx_word' id='word_1_195' title='bbox 355 2199 531 2288; x_wconf 78' lang='lat' dir='ltr'><strong>omnibus</strong></span> <span class='ocrx_word' id='word_1_196' title='bbox 555 2198 741 2274; x_wconf 87' lang='lat' dir='ltr'><strong>obedlent</strong></span> <span class='ocrx_word' id='word_1_197' title='bbox 767 2205 806 2271; x_wconf 92' lang='lat' dir='ltr'><strong>et</strong></span> <span class='ocrx_word' id='word_1_198' title='bbox 830 2193 1046 2285; x_wconf 87' lang='lat' dir='ltr'><strong>intendent,</strong></span> <span class='ocrx_word' id='word_1_199' title='bbox 1079 2219 1154 2294; x_wconf 87' lang='lat' dir='ltr'><strong>que</strong></span> <span class='ocrx_word' id='word_1_200' title='bbox 1212 2197 1321 2276; x_wconf 87' lang='lat' dir='ltr'><strong>oclie.</strong></span> <span class='ocrx_word' id='word_1_201' title='bbox 1339 2224 1409 2276; x_wconf 88' lang='lat' dir='ltr'><strong>nre</strong></span> <span class='ocrx_word' id='word_1_202' title='bbox 1436 2203 1579 2280; x_wconf 87' lang='lat' dir='ltr'><strong>nociva</strong></span> <span class='ocrx_word' id='word_1_203' title='bbox 1602 2228 1681 2278; x_wconf 88' lang='lat' dir='ltr'><strong>non</strong></span> 
     </span>
    </p>
   </div>
   <div class='ocr_carea' id='block_1_6' title="bbox 69 2291 1814 2512">
    <p class='ocr_par' dir='ltr' id='par_1_8' title="bbox 69 2291 1814 2512">
     <span class='ocr_line' id='line_1_21' title="bbox 69 2291 1813 2414; baseline 0.008 -103"><span class='ocrx_word' id='word_1_204' title='bbox 69 2295 77 2312; x_wconf 82' lang='lat'><em>.</em></span> <span class='ocrx_word' id='word_1_205' title='bbox 157 2299 309 2392; x_wconf 71' lang='lat' dir='ltr'><strong>&#39;luerint</strong></span> <span class='ocrx_word' id='word_1_206' title='bbox 333 2325 401 2396; x_wconf 79' lang='lat' dir='ltr'><strong>seu</strong></span> <span class='ocrx_word' id='word_1_207' title='bbox 424 2299 643 2410; x_wconf 87' lang='lat' dir='ltr'><strong>dampnosa,</strong></span> <span class='ocrx_word' id='word_1_208' title='bbox 674 2291 818 2406; x_wconf 76' lang='lat' dir='ltr'><strong>proprii</strong></span> <span class='ocrx_word' id='word_1_209' title='bbox 840 2303 954 2402; x_wconf 81' lang='lat' dir='ltr'><strong>etiam</strong></span> <span class='ocrx_word' id='word_1_210' title='bbox 976 2291 1151 2405; x_wconf 78' lang='lat' dir='ltr'><strong>homines</strong></span> <span class='ocrx_word' id='word_1_211' title='bbox 1174 2291 1287 2392; x_wconf 88' lang='lat' dir='ltr'><strong>ipsius</strong></span> <span class='ocrx_word' id='word_1_212' title='bbox 1312 2292 1519 2390; x_wconf 78' lang='lat' dir='ltr'><strong>Brunonis,</strong></span> <span class='ocrx_word' id='word_1_213' title='bbox 1553 2327 1681 2414; x_wconf 65' lang='lat' dir='ltr'><strong>quam.</strong></span> <span class='ocrx_word' id='word_1_214' title='bbox 1812 2311 1813 2322; x_wconf 65' lang='grc'>,</span> 
     </span>
     <span class='ocr_line' id='line_1_22' title="bbox 167 2389 1814 2512; baseline -0.002 -38"><span class='ocrx_word' id='word_1_215' title='bbox 167 2396 236 2474; x_wconf 89' lang='lat' dir='ltr'><strong>diu</strong></span> <span class='ocrx_word' id='word_1_216' title='bbox 252 2395 404 2512; x_wconf 82' lang='lat' dir='ltr'><strong>pacifici</strong></span> <span class='ocrx_word' id='word_1_217' title='bbox 430 2397 570 2474; x_wconf 78' lang='lat' dir='ltr'><strong>suerint</strong></span> <span class='ocrx_word' id='word_1_218' title='bbox 602 2405 641 2474; x_wconf 75' lang='lat' dir='ltr'><strong>et</strong></span> <span class='ocrx_word' id='word_1_219' title='bbox 666 2412 798 2490; x_wconf 82' lang='lat' dir='ltr'><strong>quien,</strong></span> <span class='ocrx_word' id='word_1_220' title='bbox 830 2413 873 2464; x_wconf 85' lang='lat' dir='ltr'><strong>ac</strong></span> <span class='ocrx_word' id='word_1_221' title='bbox 898 2389 1011 2464; x_wconf 79' lang='lat' dir='ltr'><strong>utiles</strong></span> <span class='ocrx_word' id='word_1_222' title='bbox 1038 2389 1169 2465; x_wconf 82' lang='lat' dir='ltr'><strong>Ecche</strong></span> <span class='ocrx_word' id='word_1_223' title='bbox 1190 2415 1260 2470; x_wconf 89' lang='lat' dir='ltr'><strong>nre</strong></span> <span class='ocrx_word' id='word_1_224' title='bbox 1288 2406 1328 2468; x_wconf 88' lang='lat' dir='ltr'><strong>et</strong></span> <span class='ocrx_word' id='word_1_225' title='bbox 1356 2406 1473 2470; x_wconf 86' lang='lat' dir='ltr'><strong>eriam</strong></span> <span class='ocrx_word' id='word_1_226' title='bbox 1495 2395 1680 2500; x_wconf 58' lang='lat' dir='ltr'><strong>ips1Bru5</strong></span> <span class='ocrx_word' id='word_1_227' title='bbox 1813 2405 1814 2420; x_wconf 74' lang='grc'>’</span> 
     </span>
    </p>
   </div>
   <div class='ocr_carea' id='block_1_7' title="bbox 47 2485 1697 3084">
    <p class='ocr_par' dir='ltr' id='par_1_9' title="bbox 47 2485 1697 3084">
     <span class='ocr_line' id='line_1_23' title="bbox 47 2485 1681 2593; baseline 0 -24"><span class='ocrx_word' id='word_1_228' title='bbox 47 2495 53 2518; x_wconf 91' lang='lat'><em>&#39;</em></span> <span class='ocrx_word' id='word_1_229' title='bbox 165 2520 283 2588; x_wconf 89' lang='lat' dir='ltr'><strong>nom,</strong></span> <span class='ocrx_word' id='word_1_230' title='bbox 316 2496 365 2580; x_wconf 86' lang='lat' dir='ltr'><strong>ad</strong></span> <span class='ocrx_word' id='word_1_231' title='bbox 400 2489 538 2593; x_wconf 71' lang='lat' dir='ltr'><strong>ipsum*</strong></span> <span class='ocrx_word' id='word_1_232' title='bbox 556 2487 730 2570; x_wconf 85' lang='lat' dir='ltr'><strong>Castrum</strong></span> <span class='ocrx_word' id='word_1_233' title='bbox 757 2485 924 2578; x_wconf 15' lang='lat' dir='ltr'><strong>,habeant</strong></span> <span class='ocrx_word' id='word_1_234' title='bbox 950 2486 1157 2583; x_wconf 80' lang='lat' dir='ltr'><strong>retugium,</strong></span> <span class='ocrx_word' id='word_1_235' title='bbox 1192 2485 1299 2568; x_wconf 85' lang='lat' dir='ltr'><strong>etin</strong></span> <span class='ocrx_word' id='word_1_236' title='bbox 1324 2487 1411 2592; x_wconf 87' lang='lat' dir='ltr'><strong>jure</strong></span> <span class='ocrx_word' id='word_1_237' title='bbox 1431 2519 1509 2568; x_wconf 90' lang='lat' dir='ltr'><strong>suo</strong></span> <span class='ocrx_word' id='word_1_238' title='bbox 1536 2495 1681 2572; x_wconf 86' lang='lat' dir='ltr'><strong>ibidem</strong></span> 
     </span>
     <span class='ocr_line' id='line_1_24' title="bbox 166 2583 1681 2758; baseline 0.001 -89"><span class='ocrx_word' id='word_1_239' title='bbox 166 2619 239 2692; x_wconf 89' lang='lat' dir='ltr'><strong>pro</strong></span> <span class='ocrx_word' id='word_1_240' title='bbox 263 2591 403 2672; x_wconf 86' lang='lat' dir='ltr'><strong>&#39;viribus</strong></span> <span class='ocrx_word' id='word_1_241' title='bbox 428 2589 650 2670; x_wconf 85' lang='lat' dir='ltr'><strong>tuebuntur.</strong></span> <span class='ocrx_word' id='word_1_242' title='bbox 701 2585 782 2698; x_wconf 75' lang='lat' dir='ltr'><strong>Nos</strong></span> <span class='ocrx_word' id='word_1_243' title='bbox 806 2607 963 2685; x_wconf 87' lang='lat' dir='ltr'><strong>quoque</strong></span> <span class='ocrx_word' id='word_1_244' title='bbox 987 2584 1103 2758; x_wconf 70' lang='lat' dir='ltr'><strong>ipsius</strong></span> <span class='ocrx_word' id='word_1_245' title='bbox 1123 2583 1315 2664; x_wconf 84' lang='lat' dir='ltr'><strong>Brunonis</strong></span> <span class='ocrx_word' id='word_1_246' title='bbox 1347 2589 1562 2688; x_wconf 84' lang='lat' dir='ltr'><strong>devotione</strong></span> <span class='ocrx_word' id='word_1_247' title='bbox 1588 2617 1681 2693; x_wconf 86' lang='lat' dir='ltr'><strong>pen·</strong></span> 
     </span>
     <span class='ocr_line' id='line_1_25' title="bbox 160 2681 1697 2792; baseline -0.001 -26"><span class='ocrx_word' id='word_1_248' title='bbox 160 2702 258 2781; x_wconf 79' lang='lat' dir='ltr'><strong>sata,</strong></span> <span class='ocrx_word' id='word_1_249' title='bbox 283 2689 465 2792; x_wconf 73' lang='lat' dir='ltr'><strong>quam‘ad</strong></span> <span class='ocrx_word' id='word_1_250' title='bbox 486 2687 567 2763; x_wconf 91' lang='lat' dir='ltr'><strong>Nos</strong></span> <span class='ocrx_word' id='word_1_251' title='bbox 587 2698 626 2763; x_wconf 91' lang='lat' dir='ltr'><strong>et</strong></span> <span class='ocrx_word' id='word_1_252' title='bbox 646 2684 814 2773; x_wconf 76' lang='lat' dir='ltr'><strong>Ecolram</strong></span> <span class='ocrx_word' id='word_1_253' title='bbox 835 2707 940 2758; x_wconf 89' lang='lat' dir='ltr'><strong>nram</strong></span> <span class='ocrx_word' id='word_1_254' title='bbox 958 2681 1007 2758; x_wconf 90' lang='lat' dir='ltr'><strong>ha</strong></span> <span class='ocrx_word' id='word_1_255' title='bbox 1037 2695 1094 2776; x_wconf 91' lang='lat' dir='ltr'><strong>et,</strong></span> <span class='ocrx_word' id='word_1_256' title='bbox 1119 2683 1169 2759; x_wconf 92' lang='lat' dir='ltr'><strong>de</strong></span> <span class='ocrx_word' id='word_1_257' title='bbox 1189 2684 1346 2762; x_wconf 86' lang='lat' dir='ltr'><strong>consilio</strong></span> <span class='ocrx_word' id='word_1_258' title='bbox 1368 2687 1697 2766; x_wconf 80' lang='lat' dir='ltr'><strong>Consiliariorum</strong></span> 
     </span>
     <span class='ocr_line' id='line_1_26' title="bbox 159 2777 1682 2885; baseline 0.001 -24"><span class='ocrx_word' id='word_1_259' title='bbox 159 2792 384 2867; x_wconf 76' lang='lat' dir='ltr'><strong>&#39;nostrorum</strong></span> <span class='ocrx_word' id='word_1_260' title='bbox 409 2783 623 2885; x_wconf 73' lang='lat' dir='ltr'><strong>specialiter</strong></span> <span class='ocrx_word' id='word_1_261' title='bbox 646 2777 861 2884; x_wconf 71' lang='lat' dir='ltr'><strong>juratorum</strong></span> <span class='ocrx_word' id='word_1_262' title='bbox 888 2794 1096 2881; x_wconf 83' lang='lat' dir='ltr'><strong>proventus</strong></span> <span class='ocrx_word' id='word_1_263' title='bbox 1118 2781 1278 2858; x_wconf 89' lang='lat' dir='ltr'><strong>duarum</strong></span> <span class='ocrx_word' id='word_1_264' title='bbox 1298 2784 1584 2884; x_wconf 80' lang='lat' dir='ltr'><strong>prebendarum</strong></span> <span class='ocrx_word' id='word_1_265' title='bbox 1611 2784 1682 2864; x_wconf 90' lang='lat' dir='ltr'><strong>sibi</strong></span> 
     </span>
     <span class='ocr_line' id='line_1_27' title="bbox 168 2877 1683 2982; baseline 0.001 -23"><span class='ocrx_word' id='word_1_266' title='bbox 168 2881 430 2960; x_wconf 84' lang='lat' dir='ltr'><strong>obtinebimus</strong></span> <span class='ocrx_word' id='word_1_267' title='bbox 462 2880 620 2957; x_wconf 84' lang='lat' dir='ltr'><strong>nomine</strong></span> <span class='ocrx_word' id='word_1_268' title='bbox 651 2889 819 2982; x_wconf 86' lang='lat' dir='ltr'><strong>precario</strong></span> <span class='ocrx_word' id='word_1_269' title='bbox 847 2877 889 2952; x_wconf 90' lang='lat' dir='ltr'><strong>in</strong></span> <span class='ocrx_word' id='word_1_270' title='bbox 915 2877 1044 2954; x_wconf 78' lang='lat' dir='ltr'><strong>Ecclia</strong></span> <span class='ocrx_word' id='word_1_271' title='bbox 1066 2877 1298 2975; x_wconf 87' lang='lat' dir='ltr'><strong>Kathedrali,</strong></span> <span class='ocrx_word' id='word_1_272' title='bbox 1330 2907 1406 2982; x_wconf 88' lang='lat' dir='ltr'><strong>que</strong></span> <span class='ocrx_word' id='word_1_273' title='bbox 1430 2883 1539 2960; x_wconf 81' lang='lat' dir='ltr'><strong>laicis</strong></span> <span class='ocrx_word' id='word_1_274' title='bbox 1567 2880 1683 2970; x_wconf 82' lang='lat' dir='ltr'><strong>vendi</strong></span> 
     </span>
     <span class='ocr_line' id='line_1_28' title="bbox 159 2973 1683 3084; baseline 0.003 -33"><span class='ocrx_word' id='word_1_275' title='bbox 159 2983 304 3078; x_wconf 70' lang='lat' dir='ltr'><strong>fsolent.</strong></span> <span class='ocrx_word' id='word_1_276' title='bbox 360 2979 401 3055; x_wconf 87' lang='lat' dir='ltr'><strong>Si</strong></span> <span class='ocrx_word' id='word_1_277' title='bbox 424 2991 526 3061; x_wconf 81' lang='lat' dir='ltr'><strong>&#39;vero</strong></span> <span class='ocrx_word' id='word_1_278' title='bbox 561 2988 767 3078; x_wconf 85' lang='lat' dir='ltr'><strong>proventus</strong></span> <span class='ocrx_word' id='word_1_279' title='bbox 799 2977 958 3056; x_wconf 86' lang='lat' dir='ltr'><strong>duarum</strong></span> <span class='ocrx_word' id='word_1_280' title='bbox 987 2973 1263 3076; x_wconf 85' lang='lat' dir='ltr'><strong>prebendarum</strong></span> <span class='ocrx_word' id='word_1_281' title='bbox 1297 2979 1474 3058; x_wconf 89' lang='lat' dir='ltr'><strong>obtinere</strong></span> <span class='ocrx_word' id='word_1_282' title='bbox 1507 3009 1591 3060; x_wconf 84' lang='lat' dir='ltr'><strong>non</strong></span> <span class='ocrx_word' id='word_1_283' title='bbox 1617 3008 1683 3084; x_wconf 91' lang='lat' dir='ltr'><strong>po-</strong></span> 
     </span>
    </p>
   </div>
   <div class='ocr_carea' id='block_1_8' title="bbox 113 3073 1684 3175">
    <p class='ocr_par' dir='ltr' id='par_1_10' title="bbox 113 3073 1684 3175">
     <span class='ocr_line' id='line_1_29' title="bbox 113 3073 1684 3175; baseline 0.004 -25"><span class='ocrx_word' id='word_1_284' title='bbox 113 3139 120 3150; x_wconf 93' lang='lat'>.</span> <span class='ocrx_word' id='word_1_285' title='bbox 168 3078 338 3172; x_wconf 86' lang='lat' dir='ltr'><strong>terimus,</strong></span> <span class='ocrx_word' id='word_1_286' title='bbox 370 3077 483 3157; x_wconf 88' lang='lat' dir='ltr'><strong>unius</strong></span> <span class='ocrx_word' id='word_1_287' title='bbox 502 3079 633 3154; x_wconf 87' lang='lat' dir='ltr'><strong>saltem</strong></span> <span class='ocrx_word' id='word_1_288' title='bbox 654 3073 850 3175; x_wconf 87' lang='lat' dir='ltr'><strong>prebende</strong></span> <span class='ocrx_word' id='word_1_289' title='bbox 873 3089 1078 3173; x_wconf 87' lang='lat' dir='ltr'><strong>proventus</strong></span> <span class='ocrx_word' id='word_1_290' title='bbox 1098 3074 1272 3152; x_wconf 88' lang='lat' dir='ltr'><strong>obtinere</strong></span> <span class='ocrx_word' id='word_1_291' title='bbox 1298 3078 1558 3157; x_wconf 77' lang='lat' dir='ltr'><strong>laborabimus</strong></span> <span class='ocrx_word' id='word_1_292' title='bbox 1583 3079 1684 3156; x_wconf 80' lang='lat' dir='ltr'><strong>bons</strong></span> 
     </span>
    </p>
   </div>
   <div class='ocr_carea' id='block_1_9' title="bbox 46 3169 1811 3378">
    <p class='ocr_par' dir='ltr' id='par_1_11' title="bbox 46 3169 1811 3378">
     <span class='ocr_line' id='line_1_30' title="bbox 46 3169 1685 3276; baseline -0.002 -22"><span class='ocrx_word' id='word_1_293' title='bbox 46 3189 49 3204; x_wconf 83' lang='lat'>&#39;</span> <span class='ocrx_word' id='word_1_294' title='bbox 166 3175 258 3254; x_wconf 78' lang='lat' dir='ltr'><strong>fide.</strong></span> <span class='ocrx_word' id='word_1_295' title='bbox 296 3179 438 3256; x_wconf 86' lang='lat' dir='ltr'><strong>Verum</strong></span> <span class='ocrx_word' id='word_1_296' title='bbox 453 3175 483 3249; x_wconf 92' lang='lat' dir='ltr'><strong>si</strong></span> <span class='ocrx_word' id='word_1_297' title='bbox 503 3189 683 3252; x_wconf 87' lang='lat' dir='ltr'><strong>neutrum</strong></span> <span class='ocrx_word' id='word_1_298' title='bbox 701 3171 854 3248; x_wconf 90' lang='lat' dir='ltr'><strong>illorum</strong></span> <span class='ocrx_word' id='word_1_299' title='bbox 876 3169 1052 3248; x_wconf 84' lang='lat' dir='ltr'><strong>obtinere</strong></span> <span class='ocrx_word' id='word_1_300' title='bbox 1074 3173 1291 3274; x_wconf 87' lang='lat' dir='ltr'><strong>poterimus,</strong></span> <span class='ocrx_word' id='word_1_301' title='bbox 1317 3176 1367 3254; x_wconf 91' lang='lat' dir='ltr'><strong>de</strong></span> <span class='ocrx_word' id='word_1_302' title='bbox 1383 3176 1685 3276; x_wconf 85' lang='lat' dir='ltr'><strong>possessionibus</strong></span> 
     </span>
     <span class='ocr_line' id='line_1_31' title="bbox 167 3269 1811 3378; baseline -0.002 -26"><span class='ocrx_word' id='word_1_303' title='bbox 167 3273 299 3354; x_wconf 82' lang='lat' dir='ltr'><strong>Ecclie</strong></span> <span class='ocrx_word' id='word_1_304' title='bbox 321 3299 389 3350; x_wconf 84' lang='lat' dir='ltr'><strong>nse</strong></span> <span class='ocrx_word' id='word_1_305' title='bbox 410 3274 459 3349; x_wconf 88' lang='lat' dir='ltr'><strong>ad</strong></span> <span class='ocrx_word' id='word_1_306' title='bbox 482 3271 679 3350; x_wconf 88' lang='lat' dir='ltr'><strong>consilium</strong></span> <span class='ocrx_word' id='word_1_307' title='bbox 699 3269 961 3370; x_wconf 86' lang='lat' dir='ltr'><strong>predictorum</strong></span> <span class='ocrx_word' id='word_1_308' title='bbox 981 3269 1152 3346; x_wconf 87' lang='lat' dir='ltr'><strong>Heinrici</strong></span> <span class='ocrx_word' id='word_1_309' title='bbox 1172 3272 1466 3378; x_wconf 87' lang='lat' dir='ltr'><strong>Archidyaconi,</strong></span> <span class='ocrx_word' id='word_1_310' title='bbox 1495 3288 1538 3352; x_wconf 90' lang='lat' dir='ltr'><strong>et</strong></span> <span class='ocrx_word' id='word_1_311' title='bbox 1560 3275 1688 3352; x_wconf 88' lang='lat' dir='ltr'><strong>Chun·</strong></span> <span class='ocrx_word' id='word_1_312' title='bbox 1804 3284 1811 3301; x_wconf 83' lang='lat'>¹</span> 
     </span>
    </p>
   </div>
   <div class='ocr_carea' id='block_1_10' title="bbox 144 3366 1768 4258">
    <p class='ocr_par' dir='ltr' id='par_1_12' title="bbox 144 3366 1768 4258">
     <span class='ocr_line' id='line_1_32' title="bbox 162 3366 1686 3474; baseline -0.003 -23"><span class='ocrx_word' id='word_1_313' title='bbox 162 3371 250 3451; x_wconf 75' lang='lat' dir='ltr'><strong>“radi</strong></span> <span class='ocrx_word' id='word_1_314' title='bbox 271 3371 320 3448; x_wconf 89' lang='lat' dir='ltr'><strong>de</strong></span> <span class='ocrx_word' id='word_1_315' title='bbox 344 3373 526 3455; x_wconf 82' lang='lat' dir='ltr'><strong>Erenvels</strong></span> <span class='ocrx_word' id='word_1_316' title='bbox 547 3381 699 3446; x_wconf 90' lang='lat' dir='ltr'><strong>tantum</strong></span> <span class='ocrx_word' id='word_1_317' title='bbox 722 3366 795 3442; x_wconf 90' lang='lat' dir='ltr'><strong>sibi</strong></span> <span class='ocrx_word' id='word_1_318' title='bbox 816 3366 1095 3466; x_wconf 80' lang='lat' dir='ltr'><strong>deputabimus,</strong></span> <span class='ocrx_word' id='word_1_319' title='bbox 1127 3382 1313 3468; x_wconf 89' lang='lat' dir='ltr'><strong>quantum</strong></span> <span class='ocrx_word' id='word_1_320' title='bbox 1332 3371 1383 3448; x_wconf 90' lang='lat' dir='ltr'><strong>de</strong></span> <span class='ocrx_word' id='word_1_321' title='bbox 1406 3369 1496 3473; x_wconf 85' lang='lat' dir='ltr'><strong>ipsis</strong></span> <span class='ocrx_word' id='word_1_322' title='bbox 1523 3374 1686 3474; x_wconf 83' lang='lat' dir='ltr'><strong>preben-</strong></span> 
     </span>
     <span class='ocr_line' id='line_1_33' title="bbox 170 3463 1685 3570; baseline -0.004 -22"><span class='ocrx_word' id='word_1_323' title='bbox 170 3469 238 3564; x_wconf 88' lang='lat' dir='ltr'><strong>dis,</strong></span> <span class='ocrx_word' id='word_1_324' title='bbox 269 3469 300 3546; x_wconf 90' lang='lat' dir='ltr'><strong>si</strong></span> <span class='ocrx_word' id='word_1_325' title='bbox 324 3469 450 3546; x_wconf 85' lang='lat' dir='ltr'><strong>ambas</strong></span> <span class='ocrx_word' id='word_1_326' title='bbox 478 3479 560 3544; x_wconf 91' lang='lat' dir='ltr'><strong>&#39;non</strong></span> <span class='ocrx_word' id='word_1_327' title='bbox 576 3463 870 3554; x_wconf 87' lang='lat' dir='ltr'><strong>obtinuerimus,</strong></span> <span class='ocrx_word' id='word_1_328' title='bbox 904 3467 967 3543; x_wconf 80' lang='lat' dir='ltr'><strong>vel</strong></span> <span class='ocrx_word' id='word_1_329' title='bbox 991 3466 1040 3542; x_wconf 90' lang='lat' dir='ltr'><strong>de</strong></span> <span class='ocrx_word' id='word_1_330' title='bbox 1072 3491 1161 3558; x_wconf 86' lang='lat' dir='ltr'><strong>una,</strong></span> <span class='ocrx_word' id='word_1_331' title='bbox 1192 3466 1224 3542; x_wconf 88' lang='lat' dir='ltr'><strong>si</strong></span> <span class='ocrx_word' id='word_1_332' title='bbox 1258 3495 1373 3545; x_wconf 88' lang='lat' dir='ltr'><strong>uuam</strong></span> <span class='ocrx_word' id='word_1_333' title='bbox 1396 3469 1685 3570; x_wconf 84' lang='lat' dir='ltr'><strong>nequiverimus</strong></span> 
     </span>
     <span class='ocr_line' id='line_1_34' title="bbox 144 3561 1685 3668; baseline -0.003 -24"><span class='ocrx_word' id='word_1_334' title='bbox 144 3629 149 3636; x_wconf 90' lang='lat'>.</span> <span class='ocrx_word' id='word_1_335' title='bbox 169 3568 360 3660; x_wconf 84' lang='lat' dir='ltr'><strong>obtinere,</strong></span> <span class='ocrx_word' id='word_1_336' title='bbox 391 3565 589 3668; x_wconf 74' lang='lat' dir='ltr'><strong>percipere</strong></span> <span class='ocrx_word' id='word_1_337' title='bbox 612 3561 768 3666; x_wconf 73' lang='lat' dir='ltr'><strong>singulis</strong></span> <span class='ocrx_word' id='word_1_338' title='bbox 788 3561 1042 3664; x_wconf 78' lang='lat' dir='ltr'><strong>annss‘possit,</strong></span> <span class='ocrx_word' id='word_1_339' title='bbox 1062 3577 1257 3664; x_wconf 29' lang='lat' dir='ltr'><strong>,trecentas</strong></span> <span class='ocrx_word' id='word_1_340' title='bbox 1282 3566 1394 3644; x_wconf 86' lang='lat' dir='ltr'><strong>etiam</strong></span> <span class='ocrx_word' id='word_1_341' title='bbox 1415 3567 1532 3644; x_wconf 82' lang='lat' dir='ltr'><strong>libras</strong></span> <span class='ocrx_word' id='word_1_342' title='bbox 1558 3569 1685 3648; x_wconf 80' lang='lat' dir='ltr'><strong>eidem</strong></span> 
     </span>
     <span class='ocr_line' id='line_1_35' title="bbox 170 3659 1685 3832; baseline -0.003 -88"><span class='ocrx_word' id='word_1_343' title='bbox 170 3679 351 3744; x_wconf 86' lang='lat' dir='ltr'><strong>tenemur</strong></span> <span class='ocrx_word' id='word_1_344' title='bbox 385 3667 620 3766; x_wconf 83' lang='lat' dir='ltr'><strong>persolvere,</strong></span> <span class='ocrx_word' id='word_1_345' title='bbox 653 3665 819 3832; x_wconf 73' lang='lat' dir='ltr'><strong>‘puerum</strong></span> <span class='ocrx_word' id='word_1_346' title='bbox 851 3673 1008 3735; x_wconf 87' lang='lat' dir='ltr'><strong>centurn</strong></span> <span class='ocrx_word' id='word_1_347' title='bbox 1045 3659 1117 3738; x_wconf 89' lang='lat' dir='ltr'><strong>sibi</strong></span> <span class='ocrx_word' id='word_1_348' title='bbox 1148 3665 1397 3764; x_wconf 85' lang='lat' dir='ltr'><strong>persolvimus</strong></span> <span class='ocrx_word' id='word_1_349' title='bbox 1422 3663 1465 3741; x_wconf 92' lang='lat' dir='ltr'><strong>in</strong></span> <span class='ocrx_word' id='word_1_350' title='bbox 1532 3661 1685 3756; x_wconf 86' lang='lat' dir='ltr'><strong>resenti,</strong></span> 
     </span>
     <span class='ocr_line' id='line_1_36' title="bbox 170 3756 1768 3860; baseline 0.001 -20"><span class='ocrx_word' id='word_1_351' title='bbox 170 3763 259 3840; x_wconf 79' lang='lat' dir='ltr'><strong>olias</strong></span> <span class='ocrx_word' id='word_1_352' title='bbox 288 3789 381 3840; x_wconf 88' lang='lat' dir='ltr'><strong>vero</strong></span> <span class='ocrx_word' id='word_1_353' title='bbox 412 3763 597 3838; x_wconf 86' lang='lat' dir='ltr'><strong>ducentas</strong></span> <span class='ocrx_word' id='word_1_354' title='bbox 625 3767 719 3858; x_wconf 77' lang='lat' dir='ltr'><strong>lura</strong></span> <span class='ocrx_word' id='word_1_355' title='bbox 749 3758 888 3851; x_wconf 74' lang='lat' dir='ltr'><strong>sessum¹</strong></span> <span class='ocrx_word' id='word_1_356' title='bbox 911 3756 1188 3858; x_wconf 81' lang='lat' dir='ltr'><strong>purificationis</strong></span> <span class='ocrx_word' id='word_1_357' title='bbox 1216 3763 1329 3838; x_wconf 83' lang='lat' dir='ltr'><strong>beate</strong></span> <span class='ocrx_word' id='word_1_358' title='bbox 1359 3761 1486 3842; x_wconf 89' lang='lat' dir='ltr'><strong>Marie</strong></span> <span class='ocrx_word' id='word_1_359' title='bbox 1556 3759 1684 3860; x_wconf 77' lang='lat' dir='ltr'><strong>irginis</strong></span> <span class='ocrx_word' id='word_1_360' title='bbox 1764 3829 1768 3842; x_wconf 91' lang='lat'><strong>.</strong></span> 
     </span>
     <span class='ocr_line' id='line_1_37' title="bbox 170 3856 1685 3961; baseline -0.001 -23"><span class='ocrx_word' id='word_1_361' title='bbox 170 3874 378 3938; x_wconf 75' lang='lat' dir='ltr'><strong>venturum</strong></span> <span class='ocrx_word' id='word_1_362' title='bbox 403 3858 582 3961; x_wconf 86' lang='lat' dir='ltr'><strong>proximo</strong></span> <span class='ocrx_word' id='word_1_363' title='bbox 610 3856 734 3932; x_wconf 86' lang='lat' dir='ltr'><strong>eidem</strong></span> <span class='ocrx_word' id='word_1_364' title='bbox 767 3857 1039 3957; x_wconf 86' lang='lat' dir='ltr'><strong>persolvemus,</strong></span> <span class='ocrx_word' id='word_1_365' title='bbox 1060 3862 1132 3935; x_wconf 68' lang='lat' dir='ltr'><strong>uel</strong></span> <span class='ocrx_word' id='word_1_366' title='bbox 1159 3887 1229 3959; x_wconf 92' lang='lat' dir='ltr'><strong>pro</strong></span> <span class='ocrx_word' id='word_1_367' title='bbox 1257 3857 1400 3936; x_wconf 87' lang='lat' dir='ltr'><strong>eisdem</strong></span> <span class='ocrx_word' id='word_1_368' title='bbox 1454 3875 1685 3939; x_wconf 78' lang='lat' dir='ltr'><strong>ossessiones</strong></span> 
     </span>
     <span class='ocr_line' id='line_1_38' title="bbox 170 3950 1687 4060; baseline -0.003 -24"><span class='ocrx_word' id='word_1_369' title='bbox 170 3957 304 4036; x_wconf 80' lang='lat' dir='ltr'><strong>Ecclie</strong></span> <span class='ocrx_word' id='word_1_370' title='bbox 332 3983 401 4036; x_wconf 80' lang='lat' dir='ltr'><strong>rne</strong></span> <span class='ocrx_word' id='word_1_371' title='bbox 428 3956 500 4035; x_wconf 90' lang='lat' dir='ltr'><strong>sibi</strong></span> <span class='ocrx_word' id='word_1_372' title='bbox 531 3952 798 4056; x_wconf 86' lang='lat' dir='ltr'><strong>deputabimus</strong></span> <span class='ocrx_word' id='word_1_373' title='bbox 824 3956 873 4028; x_wconf 88' lang='lat' dir='ltr'><strong>ad</strong></span> <span class='ocrx_word' id='word_1_374' title='bbox 902 3950 1113 4031; x_wconf 90' lang='lat' dir='ltr'><strong>Consilium</strong></span> <span class='ocrx_word' id='word_1_375' title='bbox 1142 3955 1400 4060; x_wconf 88' lang='lat' dir='ltr'><strong>predictorum</strong></span> <span class='ocrx_word' id='word_1_376' title='bbox 1461 3958 1608 4035; x_wconf 80' lang='lat' dir='ltr'><strong>&#39;einrici</strong></span> <span class='ocrx_word' id='word_1_377' title='bbox 1633 3981 1687 4032; x_wconf 88' lang='lat' dir='ltr'><strong>ar·</strong></span> 
     </span>
     <span class='ocr_line' id='line_1_39' title="bbox 170 4048 1685 4159; baseline -0.001 -26"><span class='ocrx_word' id='word_1_378' title='bbox 170 4053 401 4159; x_wconf 86' lang='lat' dir='ltr'><strong>ohidyaconi</strong></span> <span class='ocrx_word' id='word_1_379' title='bbox 425 4070 464 4132; x_wconf 86' lang='lat' dir='ltr'><strong>et</strong></span> <span class='ocrx_word' id='word_1_380' title='bbox 490 4048 685 4145; x_wconf 85' lang='lat' dir='ltr'><strong>Cliunradi</strong></span> <span class='ocrx_word' id='word_1_381' title='bbox 708 4049 756 4129; x_wconf 91' lang='lat' dir='ltr'><strong>de</strong></span> <span class='ocrx_word' id='word_1_382' title='bbox 782 4050 979 4146; x_wconf 87' lang='lat' dir='ltr'><strong>Erenvels,</strong></span> <span class='ocrx_word' id='word_1_383' title='bbox 1009 4055 1077 4129; x_wconf 89' lang='lat' dir='ltr'><strong>sed</strong></span> <span class='ocrx_word' id='word_1_384' title='bbox 1097 4055 1173 4132; x_wconf 89' lang='lat' dir='ltr'><strong>hoc</strong></span> <span class='ocrx_word' id='word_1_385' title='bbox 1200 4053 1242 4130; x_wconf 88' lang='lat' dir='ltr'><strong>in</strong></span> <span class='ocrx_word' id='word_1_386' title='bbox 1268 4054 1384 4155; x_wconf 84' lang='lat' dir='ltr'><strong>ipsius</strong></span> <span class='ocrx_word' id='word_1_387' title='bbox 1401 4055 1601 4134; x_wconf 89' lang='lat' dir='ltr'><strong>Brunonis</strong></span> <span class='ocrx_word' id='word_1_388' title='bbox 1631 4077 1685 4132; x_wconf 81' lang='lat' dir='ltr'><strong>re·</strong></span> 
     </span>
     <span class='ocr_line' id='line_1_40' title="bbox 170 4148 1684 4258; baseline 0.001 -28"><span class='ocrx_word' id='word_1_389' title='bbox 170 4155 269 4240; x_wconf 78' lang='lat' dir='ltr'><strong>sidet</strong></span> <span class='ocrx_word' id='word_1_390' title='bbox 293 4152 473 4258; x_wconf 87' lang='lat' dir='ltr'><strong>optione,</strong></span> <span class='ocrx_word' id='word_1_391' title='bbox 506 4172 635 4246; x_wconf 80' lang='lat' dir='ltr'><strong>utrum</strong></span> <span class='ocrx_word' id='word_1_392' title='bbox 658 4148 916 4254; x_wconf 78' lang='lat' dir='ltr'><strong>possessiones</strong></span> <span class='ocrx_word' id='word_1_393' title='bbox 939 4151 1032 4236; x_wconf 75' lang='lat' dir='ltr'><strong>velit</strong></span> <span class='ocrx_word' id='word_1_394' title='bbox 1063 4154 1253 4257; x_wconf 81' lang='lat' dir='ltr'><strong>resipere,</strong></span> <span class='ocrx_word' id='word_1_395' title='bbox 1284 4155 1348 4236; x_wconf 79' lang='lat' dir='ltr'><strong>sel</strong></span> <span class='ocrx_word' id='word_1_396' title='bbox 1371 4153 1583 4258; x_wconf 77' lang='lat' dir='ltr'><strong>pecuniam</strong></span> <span class='ocrx_word' id='word_1_397' title='bbox 1612 4179 1684 4240; x_wconf 85' lang='lat' dir='ltr'><strong>uu·</strong></span> 
     </span>
    </p>
   </div>
   <div class='ocr_carea' id='block_1_11' title="bbox 0 0 1870 4836">
    <p class='ocr_par' dir='ltr' id='par_1_13' title="bbox 0 0 1870 4836">
     <span class='ocr_line' id='line_1_41' title="bbox 0 0 1870 4836; baseline 0 0"><span class='ocrx_word' id='word_1_398' title='bbox 0 0 1870 4836; x_wconf 95' lang='lat' dir='ltr'><strong> </strong></span> 
     </span>
    </p>
   </div>
  </div>
 </body>
</html>
