3648 4850
33 1257 38 1264 -
163 1193 453 1274 ¹Foracb'eim
475 1205 517 1271 in
538 1193 602 1270 dei
625 1191 784 1271 nomine
803 1195 965 1268 leliciter
983 1217 1107 1284 amen

47 2251 49 2256 ,
166 2186 348 2265 adhibere
368 2215 539 2262 curamus
559 2189 743 2279 honores,
779 2214 860 2262 non
878 2191 1001 2261 solum
1022 2187 1182 2277 terreni,
1222 2211 1262 2263 se

697 359 700 364 ·
766 281 864 384 ’ἢ
898 291 950 425 92
978 279 1071 384 ³⁴3

170 508 271 588 hanc
298 531 391 586 vero
415 515 531 584 vitam
560 509 698 580 cuncta
734 515 951 580 conservata
988 503 1119 580 denuo
1152 502 1312 581 redeant
1342 502 1383 584 in
1417 505 1475 585 ius
1506 505 1544 587 et'
1568 522 1677 612 pote·
1715 543 1722 550 ·

171 623 307 685 statem
333 606 526 682 Ecclesiae
553 626 639 676 cum
670 600 848 678 omnibus
875 597 1048 703 suijuris
1071 600 1165 675 inibi
1187 603 1361 681 inventis.
1419 607 1470 682 Et
1493 605 1677 714 ut·hujus

172 697 510 806 'complacitationis
533 715 778 800 praeceptum
799 700 953 775 firmum
977 700 1186 799 stabileque
1212 715 1444 800 permaneat,
1469 731 1582 780 manu
1608 737 1677 784 no-

170 821 260 880 stra
276 805 409 878 subtus
437 799 532 876 illud
562 795 809 895 firmavimus,
847 797 1054 902 annulique
1093 799 1213 874 nostri
1246 797 1494 900 impressione
1523 805 1678 903 sigillari

169 928 350 978 iussimus.
704 933 707 940 ·
807 963 811 972 .
931 951 937 962 .
1563 934 1567 940 -

267 1001 364 1074 Data
384 997 451 1071 lx,
471 996 553 1072 Kal.
574 991 680 1072 Junii
694 997 800 1072 anno'
814 993 1026 1088 dominicae
1043 991 1311 1072 incarnationis
1324 1020 1407 1100 914.
1458 985 1677 1112 lndiqtione

104 1163 111 1170 .
158 1097 222 1172 -11.
253 1123 353 1172 anno
371 1120 463 1171 vero
477 1089 734 1192 gloriosissimi
752 1094 866 1191 Regis
882 1094 1102 1169 Chuonradi
1125 1093 1249 1172 tertio.
1277 1095 1397 1173 ,Acta
1408 1107 1498 1178 sunt¹
1512 1101 1609 1182 baec
1627 1105 1679 1187 ad

1219 1200 1225 1212 1

629 1443 911 1544 Num.xCV1.
960 1403 1045 1567 9¹l·
1070 1452 1127 1541 ¹ad
1154 1465 1257 1541 Maii.

169 1627 237 1694 uu
257 1627 414 1689 Comedus
444 1628 609 1688 coufirmat
625 1609 792 1705 ¹quandam
819 1627 1094 1726 commutationem
1113 1645 1221 1714 rerum
1245 1627 1330 1687 inter
1348 1627 1501 1692 Tutonem
1521 1633 1624 1712 Eprim
1643 1639 1679 1698 et

646 1733 810 1812 quemdam
831 1733 959 1800 nornine
979 1733 1051 1792 Etib
1076 1733 1196 1792 initam·
1285 1772 1291 1779 .

796 1875 869 1939 ·Pez
890 1875 910 1937 l.
933 1899 959 1938 c.
981 1887 1030 1950 ts.

162 2019 166 2026 ’
265 1993 310 2068 In
327 1989 485 2070 nomine
507 2003 635 2069 santae
655 2009 695 2068 et
712 1989 929 2068 individuae
943 1989 1155 2083 Trinitatis,
1184 1989 1434 2069 Chounradus
1455 1993 1532 2070 Dei
1554 1995 1674 2092 gratia

167 2087 263 2166 Res.
318 2087 358 2164 si
379 2091 454 2166 Dei
477 2090 673 2181 Eccleaiis,
705 2087 1039 2168 nostrovidelicet
1065 2099 1249 2186 regimine
1264 2092 1517 2260 quocumndis'
1539 2092 1674 2188 dignos

1311 2204 1349 2264 et
1370 2187 1535 2266 caelestis
1562 2187 1674 2290 regni

108 2321 112 2336 ·
164 2307 250 2364 non
277 2285 492 2361 dubitamus
515 2287 669 2362 honore·
686 2299 725 2362 et
751 2283 898 2380 fastigio
918 2311 987 2360 nos
1006 2283 1209 2360 sublimari.
1271 2286 1363 2362 lude
1389 2311 1543 2388 quoque
1567 2294 1678 2382 volus

165 2404 251 2461 mus
282 2384 331 2456 ad
355 2384 580 2481 singularem
610 2383 782 2459 fidelium
809 2398 1048 2477 nostrorum,
1090 2381 1346 2482 praesentium
1377 2386 1591 2460 futurorum
1622 2411 1676 2462 ue

163 2481 368 2587 pervenire
387 2481 580 2573 notitiam,
614 2481 778 2581 qualiter
800 2480 980 2556 convenit
1009 2479 1111 2556 inter
1133 2481 1386 2557 venerabilem
1414 2484 1557 2575 virum,
1637 2509 1674 2556 a·

165 2589 390 2692 lisponensis·
416 2581 608 2655 Ecclesiae
635 2579 761 2678 Epum
783 2579 1035 2670 Tutonem,
1076 2591 1114 2653 et
1145 2581 1347 2678 quemdam
1377 2580 1574 2656 hominem
1605 2605 1676 2658 no-

166 2701 272 2752 nune
293 2675 421 2769 Eril,
454 2691 497 2750 ut
523 2678 663 2776 aliquas
684 2702 743 2753 res
768 2701 901 2751 eorum
926 2686 1028 2752 inter
1058 2701 1098 2752 se
1125 2677 1417 2775 pro‘ambarum
1449 2705 1500 2778 op
1530 2678 1677 2775 ortuniq

167 2787 248 2868 tate
270 2771 434 2873 partium
458 2776 698 2849 concambire
725 2771 933 2864 deberent,
968 2774 1072 2872 quod
1098 2773 1152 2848 ita
1179 2787 1218 2847 et
1246 2777 1430 2849 lecerunt.
1536 2774 1674 2850 radidit

167 2869 284 2968 igitur
304 2869 397 2944 Etih
416 2897 583 2945 unacum
603 2870 683 2946 lilio
704 2899 772 2946 suo
792 2872 1019 2970 Helmperto
1039 2877 1169 2944 sancto
1189 2870 1342 2976 martyri
1363 2873 1607 2948 Emme'ramo
1630 2873 1674 2950 in
1731 2932 1743 2946 .

166 2988 264 3072 pago
288 2968 660 3062 Suualaveldun,
699 2979 740 3044 in
769 2967 965 3043 Comitatu
993 2967 1188 3066 Ernusti
1218 2967 1376 3044 Comitis
1399 2971 1678 3070 proprietatem

83 3107 85 3122 ι
167 3091 285 3153 suam,
339 3067 490 3165 qualem
529 3067 632 3152 ¹visus
664 3081 729 3168 ⁸est
768 3067 909 3159 habere
946 3068 995 3140 ad
1024 3063 1237 3140 Altheim
1283 3083 1322 3141 et
1366 3065 1675 3166 Papenheim,

71 3195 77 3205 ·
166 3163 445 3260 Pinzwanga
468 3175 507 3239 et
530 3161 820 3254 Tetenheim,
848 3161 1202 3239 Uuimereheim
1230 3165 1334 3239 etad
1360 3163 1675 3264 Echinepero,
1721 3245 1725 3253 ,

167 3261 317 3337 vineam
339 3285 426 3335 cum
447 3259 682 3351 vinitoribus,
708 3287 878 3337 necnon
896 3260 1106 3336 Ecclesiam
1125 3285 1212 3333 cum
1234 3259 1438 3354 aedificiis3
1463 3273 1563 3338 inter
1578 3263 1677 3338 haec

167 3357 296 3432 omnia
331 3358 379 3432 de
407 3371 505 3433 terra
543 3357 674 3433 arabili
701 3359 819 3433 hobas
847 3371 912 3435 ut.
952 3373 991 3434 et
1022 3355 1211 3456 mancipia
1242 3371 1302 3436 at:
1340 3385 1429 3437 cum
1459 3356 1696 3458 curtilibus,

165 3455 274 3552 agris,
299 3452 426 3554 pratis,
448 3454 558 3545 silvis,
584 3466 701 3555 aquis,
724 3481 984 3559 aquarumque
1005 3455 1234 3548 decursibus,
1262 3471 1300 3533 et
1322 3483 1407 3534 cum
1428 3455 1603 3532 omnibus
1625 3457 1677 3530 ad

167 3552 360 3654 ‘praedicta
386 3553 471 3626 loos
493 3551 567 3626 rite
594 3551 873 3666 pertinentibus
901 3563 942 3627 in
977 3575 1132 3626 manum
1165 3552 1309 3631 'scilicet
1335 3554 1499 3628 Tutonis
1528 3552 1604 3653 Epi
1633 3563 1676 3629 et

86 3721 89 3730 .
136 3651 340 3726 'advocati
366 3647 423 3722 sui
448 3651 625 3726 lmmonrs
647 3651 686 3726 in
709 3662 932 3752 perpetuam
953 3648 1235 3750 proprietatem.
1295 3649 1507 3726 vestitores
1536 3649 1682 3743 Pu0s0,·
1744 3729 1753 3748 ⁸

167 3747 285 3824 Anno
312 3759 351 3823 et
376 3747 522 3821 Baffolt.
586 3750 753 3826 Econtra
773 3773 864 3824 vero
891 3749 1107 3824 retradente
1130 3752 1266 3825 eodem
1290 3747 1474 3824 advocato
1497 3750 1679 3824 Immone

61 3897 65 3902 -
132 3879 136 3884 ·
167 3871 334 3921 unacum
357 3869 472 3918 manu
494 3843 528 3918 E
557 3843 569 3918 i
595 3846 743 3945 accepit
773 3844 987 3944 praedictus
1016 3843 1107 3920 Etih
1130 3857 1174 3920 'et
1198 3843 1298 3920 filius
1324 3870 1413 3920 suus
1446 3845 1558 3920 Helm
1589 3846 1678 3921 reht

171 3943 219 4018 de
241 3943 355 4018 rebus
374 3942 491 4017 sancti
512 3874 742 4017 immonni
760 3951 862 4017 iuxta
885 3943 1024 4018 fluenta
1051 3943 1199 4014 Glana
1224 3941 1350 4016 locum
1369 3941 1528 4018 nomine
1584 3966 1675 4038 erc,

96 4039 99 4065 ¹
172 4039 236 4140 qui
256 4043 371 4134 vulgo
400 4039 647 4138 Sintipach
675 4053 850 4131 vocatur,
883 4055 922 4116 et
946 4035 1280 4135 Teitingacnm
1302 4038 1499 4133 Ecclesiis,
1534 4039 1677 4116 manci·

56 4223 61 4228 ·
171 4135 243 4314 qiiis
268 4138 326 4212 do.
355 4135 607 4224 etaedificils,
633 4157 753 4212 terrae
771 4137 919 4210 arabilis
941 4136 1059 4209 hobas
1087 4159 1141 4249 ¹9·
1159 4163 1256 4248 'curn
1283 4148 1409 4238 pratis,
1440 4133 1550 4238 silvis,
1585 4163 1675 4211 mo·

187 4233 335 4316 endinis
361 4250 400 4316 et
428 4259 515 4316 cum
540 4232 716 4313 omnihru
731 4231 964 4356 appenditiis
985 4231 1061 4312 stus
1085 4235 1259 4318 anule:
1277 4241 1320 4320 io
1339 4245 1565 4341 perpetuam
1588 4259 1680 4338 pro·
