3664 4780
793 145 1122 332 ,bopo-'es

202 387 318 480 quem
343 369 392 452 ad
416 367 587 450 officium
613 381 652 464 ct
677 363 909 476 consortium
931 393 1069 454 „corum
1094 364 1207 446 inriti
1234 367 1376 468 eligant
1400 369 1463 448 vel
1482 367 1615 463 coacti.
1666 369 1712 451 la
1775 363 1776 367 ‘

195 471 393 560 'electione'
411 471 610 572 siquidem
640 467 939 544 monetariorum
971 468 1021 544 ad
1049 465 1218 566 ipsorum
1243 481 1396 565 ¹uotum.
1412 481 1452 543 et
1484 468 1714 546 desideriunt

103 651 106 658 ,
199 565 399 650 statuimus
424 569 724 664 observandum,
746 565 851 664 quo'd
878 563 909 639 si
931 590 1049 677 unum
1081 575 1146 640 aut
1172 569 1298 664 plures
1321 565 1380 639 ad
1396 566 1630 660 consortium
1655 593 1716 642 ιιι·1
1829 647 1831 650 ,

83 706 94 716 ·
199 697 268 748 urn
295 665 562 767 assumpserint
588 683 666 750 autf
677 686 869 739 assumere
883 665 1099 764 uoluerunt,
1124 685 1298 762 unustpx
1328 662 1392 752 eis,
1418 676 1716 766 quantecunque
1780 692 1794 722 ν

68 811 72 818 ·
101 847 104 850 ,
202 763 451 863 auctoritatis,
468 765 546 842 ,vel
576 759 839 864 cujuscunque
863 758 1097 834 conditionis
1116 755 1260 850 luent,-
1275 753 1512 836 electionem
1536 759 1645 841 hmoi
1669 759 1743 834 ab'
1815 803 1821 810 ·

59 863 63 881 '
192 853 387 944 ‘omnibusx
406 860 488 938 aliis
520 867 775 952 communiter
803 870 842 931 et
874 853 1122 933 concorditer
1144 853 1278 930 initam
1310 874 1481 956 nequeat
1515 855 1716 956 impedire,

200 961 373 1068 quinimo
409 985 490 1036 non
520 957 696 1034 obstante
727 952 842 1030 unius
870 950 1177 1030 contradictione,
1203 953 1235 1026 is
1264 965 1329 1027 aut
1362 949 1428 1044 hii,
1467 963 1532 1054 qui
1559 955 1608 1030 ab
1635 953 1717 1050 aliis

198 1061 443 1138 concorditer
476 1054 592 1132 electi
616 1049 851 1143 fuerintJ‘Jatl
875 1049 979 1123 tdem
1005 1045 1174 1156 officium
1197 1047 1504 1148 irrelragabiliter
1531 1077 1718 1147 assuman-
1756 1069 1765 1138 ᾗ
1795 1125 1798 1131 ,

199 1171 272 1234 tur.
334 1156 376 1232 Si
403 1177 486 1256 que
503 1165 635 1254 preter
662 1173 724 1226 cas
753 1145 971 1250 questiones
1005 1158 1069 1219 aut
1098 1143 1238 1246 ithuie
1268 1155 1366 1222 circa
1389 1156 1556 1248 ipsorum
1587 1174 1717 1228 mone·
1758 1179 1762 1194 ·

185 1254 386 1332 'tariorum
416 1251 496 1330 sive
527 1267 685 1325 moneto
718 1241 941 1322 emerserint
974 1237 1152 1332 officium,
1185 1240 1364 1318 videltcet
1396 1253 1437 1320 ln
1466 1241 1716 1322 destitutione

198 1357 263 1430 vel
282 1348 537 1438 diminutione
553 1345 649 1450 justi
664 1339 849 1444 ponderis
867 1339 931 1418 uel
952 1361 1064 1438 super
1078 1335 1237 1414 delicto·
1252 1337 1454 1434 consimili,
1478 1354 1544 1420 cut
1622 1339 1717 1436 'bus-
1770 1343 1771 1348 ’

198 1449 299 1528 tibet
314 1447 398 1526 otiis
420 1443 632 1534 insolentiis
654 1454 755 1518 tuter
776 1435 998 1542 jamdictos
1021 1433 1254 1516 monetarios
1278 1447 1345 1511 aut
1358 1435 1540 1538 iptorum
1574 1443 1735 1532 emulos

195 1545 381 1638 subortis,
412 1549 673 1646 quopropter
699 1532 1008 1624 eventusvarios
1038 1545 1214 1632 expresso
1241 1529 1402 1608 nomine
1425 1533 1617 1610 nominari
1648 1560 1718 1634 ne«

56 1689 61 1710 ·
110 1649 116 1664 “
200 1656 347 1744 queunt
367 1640 452 1718 sive
477 1637 601 1726 scribi,
635 1634 803 1734 ipsorum
834 1624 1004 1706 officium
1033 1642 1111 1707 tam
1144 1629 1187 1704 in
1217 1643 1382 1724 moneta,
1417 1655 1532 1744 quam
1560 1632 1603 1708 in
1629 1659 1720 1710 cons
1817 1635 1831 1675 ‘⁴

127 1732 133 1743 ⁴
200 1739 350 1818 cambio
376 1733 619 1812 solummodo
640 1727 944 1832 respicientibus,
962 1736 1157 1841 potestate
1179 1741 1308 1806 nostra
1328 1723 1526 1830 judiciaria
1551 1753 1621 1830 per
1644 1755 1718 1806 nos
1826 1733 1831 1744 “

250 1833 297 1912 t'
330 1833 432 1910 dices
462 1843 612 1908 nostros
642 1828 792 1904 adhoc
825 1848 847 1900 a
877 1825 992 1904 nobas
1012 1828 1226 1932 specialiter
1255 1825 1492 1924 deputandos
1518 1820 1636 1924 iuxta,
1658 1849 1718 1902 sm

196 1861 458 2007 'radibtorum
485 1923 787 2007 monetariorum
817 1931 1073 2014 sententiam„
1089 1940 1129 1995 ut
1153 1919 1248 2021 Juris
1276 1921 1371 1997 ordo
1398 1935 1437 1999 ct
1465 1922 1598 2000 delicti
1657 1949 1719 2009 ua·

193 1961 285 2108 'btas
311 2025 492 2123 exegerit,
523 2019 633 2126 juxta
657 2025 811 2118 vulgare
845 2029 892 2094 in
916 2019 1019 2096 dem
1054 2015 1243 2114 Geding
1276 2017 1509 2096 summaliter
1541 2019 1627 2096 deci
1672 2045 1719 2111 xn·
1780 2046 1785 2056 ·

197 2139 273 2216 tur,
298 2123 469 2223 exceptis
499 2131 650 2198 tantum
681 2117 800 2196 causis
823 2119 886 2194 vel
911 2115 1057 2191 casibus
1080 2113 1283 2212 sanguinis,
1370 2131 1408 2195 ta
1427 2115 1628 2194 homicidii
1650 2133 1716 2194 aut

196 2225 412 2314 vulnerum,
436 2221 488 2295 de
507 2217 643 2318 quibus
667 2217 890 2312 adnostros
910 2207 1059 2322 judices
1083 2237 1130 2286 ac
1157 2212 1262 2304 alios,
1358 2238 1452 2314 quos
1474 2215 1609 2291 talium
1633 2241 1717 2291 cau·

198 2339 324 2394 sarum
350 2337 418 2392 sen
446 2340 600 2391 casuum
629 2316 816 2394 correctio
845 2312 894 2388 de
915 2325 1004 2412 Jure
1030 2307 1210 2410 pertinet,
1229 2324 1465 2388 recurretur.
1494 2355 1498 2362 ·
1527 2311 1717 2406 Volumus

199 2414 365 2515 insuper,
396 2425 441 2488 ut
461 2425 663 2514 postquam
686 2407 832 2485 denarii
862 2405 1034 2482 fabricati
1063 2405 1204 2483 suerint
1235 2425 1307 2506 per
1335 2431 1402 2484 eos
1438 2421 1477 2486 et
1512 2411 1561 2485 ad
1588 2403 1716 2487 locum
1808 2487 1812 2492 .

171 2543 176 2553 ·
197 2508 356 2588 monete
380 2535 450 2588 scu
472 2505 655 2585 examinis
678 2503 868 2604 deportati
888 2501 1000 2610 juxta
1029 2507 1185 2578 modum
1211 2504 1360 2580 solitum
1390 2516 1430 2584 et
1458 2507 1715 2622 approbatum

194 2626 266 2710 per
292 2632 369 2699 eos,
392 2607 441 2682 ad
469 2630 565 2706 quos
589 2600 824 2679 examinatio
850 2601 898 2676 dc
927 2624 1011 2700 pure
1037 2613 1214 2702 pertinet,
1242 2625 1329 2678 cum
1351 2602 1548 2702 diligentia
1579 2606 1743 2685 exarsi.

194 2704 277 2780 nati
303 2716 444 2782 ettam
472 2712 514 2777 in
539 2697 716 2800 legitimo
740 2699 923 2798 pondere,
950 2723 1066 2798 quarn
1092 2695 1135 2774 in
1161 2698 1369 2774 substantia
1421 2697 1548 2777 rob'oti
1571 2702 1717 2782 inventi

1 2867 2 2878 ,
193 2799 338 2878 inerint
370 2815 409 2878 et
443 2807 603 2899 receprl,
635 2795 666 2871 si
699 2795 945 2898 postmodum
977 2795 1021 2870 in
1052 2795 1141 2896 ipsis
1178 2791 1340 2872 denariis
1404 2797 1549 2876 electus
1582 2799 1733 2902 aliquis,

88 2942 92 2945 -
193 2916 259 2973 aut
282 2897 418 2976 falsitas
433 2917 507 3000 'per
527 2895 695 2996 aliquem
723 2907 788 2968 aut
811 2891 959 2993 aliqum
984 2893 1303 3002 deprehendatur,
1327 2893 1446 2974 niclril
1470 2896 1624 2998 penitus
1674 2923 1716 2975 cr

97 3015 102 3022 ·
193 3003 265 3071 nos
290 3013 355 3067 aut
379 2995 474 3070 alios
501 3003 753 3094 ‹proscunque
778 3013 892 3090 super
915 2989 991 3064 lroc
1015 2988 1106 3090 ipsis
1132 2989 1351 3068 monetariis
1377 2991 1600 3092 imputetur.
1646 2923 1717 3070 bu·

193 3087 373 3204 'predictis
399 3091 555 3164 tandem
579 3087 786 3192 adjicimus,
820 3103 864 3161 ut
948 3085 1117 3186 icunque
1148 3087 1191 3162 in
1218 3109 1366 3163 camera
1388 3103 1528 3184 nomm,
1556 3092 1635 3168 hoc
1654 3103 1715 3169 'cst
1759 3164 1762 3174 ,

10 3249 16 3260 .
192 3212 236 3264 ιιι
260 3187 349 3282 loco
380 3196 538 3260 monete
562 3187 625 3259 vel
658 3177 871 3262 concambii
916 3181 1102 3256 uerit'aut
1133 3181 1222 3258 illuc
1250 3183 1522 3284 supervenerit,
1542 3183 1718 3266 'auetori—

40 3293 44 3303 '
76 3349 82 3358 .
193 3295 274 3359 tate
299 3294 427 3358 nostra
453 3278 663 3380 principali,
687 3285 798 3382 plena
820 3291 860 3356 tn
887 3305 1048 3382 persona
1074 3304 1150 3372 sua,
1180 3281 1360 3382 quamdiu
1383 3283 1426 3359 in
1451 3283 1597 3362 eisdem
1620 3279 1716 3363 locis
1776 3277 1809 3359 ᾖ

81 3417 89 3424 -
191 3381 385 3472 manserlt,
409 3375 664 3469 immunitate,
688 3376 891 3458 securitate
913 3375 1074 3472 gaudeat
1104 3391 1220 3478 atque
1242 3403 1347 3480 pace.
1412 3379 1531 3485 Quod
1556 3382 1588 3458 si
1614 3379 1737 3484 quis·
1830 3445 1831 3460 ,

89 3537 96 3552 .
194 3505 311 3580 quarn
335 3501 431 3554 amu
457 3476 594 3550 ductm
622 3473 827 3551 temerario
859 3472 901 3566 in
927 3471 1107 3574 predictis
1125 3471 1221 3549 locis
1253 3475 1433 3578 cuiquam
1462 3494 1629 3556 mortem
1659 3481 1715 3554 iir-
1744 3491 1759 3522 “=

192 3575 334 3666 tulerit,
367 3571 588 3690 sanguinem
613 3570 808 3660 effuderit,¹
832 3573 990 3647 vulnera
1022 3581 1088 3645 aut
1117 3573 1243 3672 plagas
1268 3587 1334 3648 aut
1362 3575 1572 3676 quamlibet
1602 3575 1714 3653 aliam
1803 3611 1805 3619 >

84 3663 102 3683 ⁵
193 3668 406 3764 notabilem
429 3667 672 3749 insolentiam
697 3671 760 3746 vel
782 3664 960 3769 iniuriam
987 3667 1131 3764 lecerit,
1164 3689 1248 3748 nort
1266 3669 1444 3750 obstante
1475 3672 1534 3750 sui
1562 3695 1716 3776 compe·

192 3779 309 3845 tentis
344 3793 458 3870 super
490 3768 576 3844 lroc'
596 3761 735 3869 judicis
776 3771 1014 3850 correctione
1051 3785 1115 3842 aut
1157 3766 1432 3846 emendatione
1464 3779 1534 3884 ipat
1569 3769 1714 3848 offenso

191 3876 352 3966 propter
376 3863 452 3940 hoc
478 3865 657 3957 exhtbtta,
681 3861 793 3941 nobis
821 3861 1090 3968 nichilominus
1114 3866 1162 3940 ad
1187 3864 1389 3965 specialem
1419 3865 1710 3946 satisfactionem

97 3987 120 4040 ‘.
191 3961 388 4050 tenebitur
414 3981 451 4038 et
480 3961 680 4040 emendam
705 3987 773 4064 pro
795 3959 1034 4039 immunitate
1061 3961 1252 4062 dictorum
1273 3964 1459 4038 locomtn-
1473 3976 1551 4040 tam
1581 3975 1715 4042 incon·

188 4063 291 4161 uultc
315 4084 360 4140 ac
386 4071 536 4176 temere
560 4059 710 4144 violata.
773 4061 822 4144 lu
857 4057 1224 4245 quomizwm
1258 4044 1710 4168 circummortua
1746 4149 1749 4157 Α
