3662 4848
179 501 488 608 possessionibus,
524 529 616 608 quas
640 501 743 584 idem
774 503 882 582 locus
910 511 952 580 ln
983 491 1153 604 presenti
1184 499 1367 606 possidet,
1395 505 1463 584 'sel
1495 502 1693 584 oblacione

179 605 350 703 fidelium
371 605 769 715 deinceps‘possidere
780 601 990 704 potuerit..
1036 645 1038 650 ·
1082 675 1115 704 .=
1398 636 1402 658 ι
1457 710 1459 716 Ι
1672 679 1675 684 ,

240 724 405 832 .Ἠιι]ὐε
423 752 499 804 τινε
526 725 818 806 Constitutionis
844 741 959 804 testes
991 743 1093 802 sunt:
1134 723 1232 802 Otto
1259 724 1450 826 prefectus
1467 720 1536 802 'de
1561 723 1691 818 stanit,
1781 769 1783 774 v

85 889 88 894 .
177 823 279 904 lilius
309 823 400 929 ejus
417 825 632 914 Heinrtcus,
673 824 884 900 Fridericus
913 826 1127 915 advocatus,
1165 824 1365 902 Udalricus
1399 827 1447 901 de
1475 823 1716 920 Wolistairn:

46 937 50 944 ‘'
177 923 455 1040 Erchinpertus
480 925 528 1004 de
549 922 752 1014 Altindorf,
777 923 1009 998 Berhtoldus
1032 923 1081 997 de
1103 920 1415 1016 Scaminboubet,
1443 921 1691 1000 Gebehardus

179 1023 230 1100 de
258 1021 503 1126 Hittnburcb,
546 1023 773 1095 Altmannus
795 1021 843 1096 de
869 1018 1109 1118 Siginburch,
1142 1020 1256 1120 Eppo
1288 1021 1336 1096 de
1357 1020 1690 1115 Ebirmuntisdori,

177 1119 392 1197 Fridericus
421 1120 469 1193 de
495 1117 684 1208 ilorbecb,
719 1116 919 1195 Udalricus
948 1117 1231 1214 de'Ehlrirchim
1272 1116 1568 1204 Chunradus'de
1593 1117 1690 1221 Rayq

177 1217 360 1312 tenbucb,
385 1215 616 1292 Ludewiens
645 1217 692 1291 de
720 1217 941 1315 Nappurcb,
969 1216 1163 1294 Gotiridus
1187 1218 1238 1315 de
1261 1217 1529 1292 Weterenvelt
1556 1229 1594 1292 et
1620 1215 1689 1289 ira-

178 1335 241 1391 ter
269 1310 348 1428 ejus
371 1295 573 1389 Heinricu's
606 1313 718 1413 Span,
751 1315 982 1402 Adelbertus
1012 1315 1061 1390 de
1082 1312 1329 1405 Sussenbrch,
1353 1313 1497 1390 Waldo
1523 1316 1571 1388 de
1589 1314 1690 1390 Onie

32 1413 37 1426 Χ
102 1453 109 1464 κ
179 1423 220 1490 et
254 1416 318 1488 alu
343 1438 469 1526 ‘quam
500 1412 638 1512 plures,
706 1412 859 1485 Datum
880 1411 921 1487 in
954 1412 1200 1488 Richenbacb
1233 1411 1274 1486 in
1318 1423 1512 1512 presencia
1543 1409 1710 1502 domini¹

113 1523 117 1533 “
155 1503 400 1586 Ἠείιιτιοί
431 1507 657 1586 venerabilis
680 1507 928 1608 Ratisponen.
963 1509 1206 1608 Ecctieups,
1227 1534 1330 1586 anno
1355 1509 1548 1584 dominice
1570 1514 1691 1584 lucar-

177 1605 342 1684 nationis
372 1593 474 1683 1135.
502 1619 686 1702 regnante
706 1605 949 1681 invictissimo
965 1608 1226 1684 Rornanorum
1242 1606 1349 1703 Rege
1366 1606 1560 1698 Lethario,
1583 1605 1689 1705 ipso

178 1705 256 1781 die
295 1704 615 1782 dedicationis
648 1701 937 1780 Monosterii
970 1703 1017 1780 in
1051 1703 1371 1796 Richenbacb,
1410 1705 1610 1804 quela‘cta
1633 1725 1690 1786 est
1815 1713 1819 1728 '

181 1815 238 1882 rt.
259 1803 345 1898 Kar,
368 1799 469 1895 Julii,
500 1799 713 1879 inhonore
739 1802 976 1890 sanctissime,
994 1801 1063 1880 -dei
1086 1801 1278 1898 genitricis
1297 1801 1446 1902 Meriett

910 1971 916 1978 '
995 1979 1193 2004 -d—-q-n

561 2125 676 2203 Num.
704 2097 842 2216 CCXI.
895 2127 1005 2207 Circa
1029 2157 1174 2207 annum
1202 2125 1307 2210 1136.
1341 2133 1345 2154 '‘

189 2307 196 2340 2
233 2303 235 2308 '
312 2289 316 2292 ’
340 2287 495 2361 lieoricus
513 2287 598 2368 Epor
619 2291 689 2352 Rat.
711 2283 807 2385 donat
827 2292 1019 2352 Monaaterio
1043 2291 1211 2372 Prillening
1232 2290 1367 2351 decimas
1392 2291 1528 2353 novales.

113 2507 134 2530 a
186 2513 195 2526 θ
697 2433 753 2495 Ex
774 2434 869 2496 Mon.
891 2433 1082 2502 tatami.
1106 2446 1171 2507 151,

146 2558 149 2564 ’
189 2619 192 2628 ,
278 2549 327 2628 ln
348 2547 506 2626 nomine
524 2557 653 2626 sancte
680 2559 718 2624 et
740 2549 935 2626 individue
960 2550 1169 2641 Trinitatis,
1196 2545 1450 2628 Heinrious
1475 2546 1551 2624 Dei
1572 2519 1707 2644 gratia.

180 2646 463 2748 Ratisponensis
489 2648 605 2746 Epus.
670 2646 866 2750 Quoniam
893 2671 942 2724 ex
971 2645 1102 2724 debito
1134 2643 1248 2724 officii
1276 2647 1396 2724 nostri
1424 2644 1695 2746 compellimur

180 2771 315 2828 eorum
342 2745 383 2820 in
407 2745 584 2822 omnibus
607 2743 908 2824 ¹sollicitudinem
934 2769 1088 2842 gerere,
1130 2745 1197 2846 qui
1221 2760 1351 2822 nostre
1383 2769 1476 2824 cure
1503 2743 1724 2834 commissi.
1809 2750 1814 2758 '

131 2840 135 2856 ’
177 2865 285 2936 eunt,
320 2846 471 2918 illorum
496 2867 565 2940 pre
590 2843 727 2918 ceteris
752 2841 968 2920 necessitati
995 2845 1191 2919 consulere
1217 2869 1261 2918 ao
1293 2842 1450 2918 utilitati
1466 2841 1695 2953 prospicere

45 2973 50 2984 “
177 2943 380 3032 debemus,
413 2938 480 3054 qui
499 2939 638 3015 remoti
657 2964 680 3013 a
700 2941 926 3016 secularibus
952 2939 1050 3016 curis
1069 2940 1110 3018 in
1131 2940 1366 3016 monasteriis
1388 2951 1695 3056 quieternvttarn

177 3039 221 3118 in
244 3039 320 3117 Dei
341 3051 495 3116 serratio
521 3037 679 3126 ducunt,
704 3037 815 3114 uteo
835 3039 996 3138 amplius
1019 3039 1068 3114 de
1086 3061 1154 3138 spe
1177 3040 1305 3114 future
1324 3038 1585 3114 retnbutionts
1602 3063 1698 3136 gau-

181 3139 346 3229 deamus,
372 3161 449 3236 quo
472 3135 540 3228 bis,
567 3133 634 3234 qui
657 3144 697 3208 in
716 3133 791 3212 hoc
812 3137 957 3212 muodo
976 3133 1074 3212 nihil
1103 3137 1299 3238 proprium
1327 3136 1532 3236 possident,
1560 3161 1696 3211 curam

119 3293 127 3310 .
178 3236 404 3334 ampliorem
433 3235 698 3347 impendimus.
770 3230 889 3338 Quod
914 3257 957 3308 er
980 3257 1004 3306 ο
1035 3246 1075 3310 in
1099 3235 1337 3330 generalibus
1369 3233 1548 3310 Concilits
1569 3259 1699 3310 assen-

180 3331 365 3420 tientibus
389 3335 520 3430 multu
550 3329 719 3431 discretis
742 3349 781 3408 et
804 3331 964 3430 sapient'
993 3356 1036 3406 us
1059 3331 1145 3406 viris
1167 3345 1366 3422 statutum,
1392 3343 1431 3406 et
1457 3340 1501 3418 in,
1522 3333 1695 3410 Pisano

181 3427 359 3507 Concilio
385 3453 407 3502 a
433 3431 531 3529 Papa
551 3427 853 3506 ¹Innocentio
878 3443 937 3506 est
961 3425 1247 3524 confirmatum,
1283 3443 1328 3506 ut
1355 3427 1539 3510 videlicet
1559 3453 1696 3503 mona-

74 3531 81 3614 ζ
178 3523 244 3610 chi
270 3539 309 3601 et
324 3528 512 3623 regulares
539 3524 743 3616 Canonici,
771 3525 906 3628 quide
932 3526 1093 3602 aliorum
1117 3527 1335 3605 elemosinis
1361 3552 1406 3602 ac
1431 3521 1694 3602 beneficentia

164 3623 326 3704 ,debent
347 3623 492 3713 vivere,
509 3625 573 3710 *de
596 3622 805 3715 laboribus,
830 3649 926 3724 quos
950 3636 1109 3726 propriis
1130 3626 1343 3726 sumptibus
1368 3649 1415 3698 ao·
1433 3623 1698 3702 manibus'ex-

179 3726 331 3814 colunt,
357 3721 446 3797 dare
466 3719 629 3796 decimas
652 3749 732 3798 nnn
752 3735 953 3819 cogantur,
977 3749 1047 3798 nos
1073 3722 1303 3800 omnimodis
1326 3723 1526 3800 observare
1551 3745 1695 3808 conre-

180 3818 251 3898 nit.
310 3821 427 3896 Unde
446 3817 653 3896 venerabili
679 3820 861 3896 Erboni
884 3820 1011 3896 abbati
1037 3820 1324 3916 Pruviniugensi
1345 3834 1389 3898 et
1411 3815 1492 3922 ejus
1517 3819 1696 3897 iratribus

73 3995 77 4001 ,
183 3939 245 4008 oa,
280 3941 355 4016 que
383 3915 567 3994 debonis
594 3920 744 3993 illorum
773 3919 955 3995 Hoholdo
973 3917 1096 3994 militi
1123 3917 1165 3992 in
1192 3916 1425 3996 beneficium
1454 3942 1697 4003 concessere·
1762 3989 1766 3993 ,

179 4039 275 4108 mus,
302 4016 349 4088 ab
378 4039 426 4090 eo
447 4025 656 4114 recepimus
676 4037 715 4092 et
743 4041 790 4092 ex
812 4016 962 4114 integro
984 4017 1195 4104 secundum
1218 4031 1444 4115 preceptum
1470 4026 1583 4114 ipsius
1616 4018 1694 4090 Do·

107 4183 112 4190 .
179 4121 272 4188 mini
296 4111 397 4211 Pape
425 4113 643 4189 lnnooentii
667 4113 738 4188 illis
764 4116 1005 4208 restituimus.
1056 4117 1105 4185 Et
1127 4137 1177 4190 ne
1204 4123 1242 4188 in
1267 4131 1459 4213 posterum
1486 4116 1534 4189 de
1555 4114 1629 4189 bac
1651 4136 1694 4188 re

183 4209 308 4312 aliqua
328 4214 482 4312 querela
500 4213 568 4292 ,rel
588 4223 841 4292 controversia
859 4211 944 4291 'sire
964 4209 1152 4318 dubitatio
1172 4206 1248 4306 fiat,
1273 4211 1498 4312 rescriptum
1521 4209 1693 4317 ejusdem
