3662 4848
8 1051 18 1064 -
149 1015 270 1104 atque
294 999 394 1082 illius
420 999 667 1080 concessione
694 1017 827 1077 octava
846 999 1039 1078 Kalendas
1057 999 1221 1098 Augusti
1249 1002 1297 1077 de

667 321 672 334 ‘
740 325 822 434 φ’
863 341 947 430 ιιι
988 343 1101 408 ψ,

129 505 556 615 .Wyttilih'ispac'h
588 527 712 610 gener
740 501 822 612 ejus
851 477 1107 612 exprelibata
1132 504 1209 586 filia
1235 518 1275 586 in
1293 493 1558 603 ,hereditatem
1582 541 1665 612 suc

83 627 88 644 ’
149 614 290 690 cedens
312 607 458 708 Spiritu
480 607 559 690 Dei
578 621 811 708 conceptum
837 609 1015 702 allectum
1042 608 1219 710 perduxit
1238 610 1286 684 ad
1304 609 1493 691 ellectum.
1530 615 1709 708 ‘Anno-f
1753 613 1756 627 '

146 731 275 786 autem
291 703 485 792 dominice
501 706 767 783 incarnationis
790 709 891 784 1123.
912 707 1123 783 indictione
1141 705 1274 807 prima,
1298 705 1528 807 imperatore
1544 711 1662 790 Hain-

150 805 232 882 rico
266 817 403 905 quarto
427 805 686 880 monarchiam
707 816 825 902 ,regni
856 803 1105 903 gubernante,
1136 823 1177 880 et
1202 803 1244 884 in
1268 802 1535 907 *Ratispona
1565 809 1665 886 Civi-
1737 881 1740 886 ,
1811 811 1814 820 ’

149 923 227 982 tate
245 901 515 980 Chucnone
540 927 589 982 ex
606 902 745 1000 abbate
759 901 1080 999 (Siegebergehsi)
1104 911 1146 979 in
1161 901 1434 1076 Episcopatum
1452 927 1664 1009 'aunnrpttp
1736 1013 1738 1027 Λ

8 1101 13 1116 ’
148 1093 258 1216 plum
274 1098 527 1188 Ensdmknse
546 1117 569 1173 a
588 1096 794 1177 venarabili
818 1095 998 1194 Ottone
1023 1031 1336 1211 babenbergensi
1382 1013 1674 1214 tiiitnltiriilattiiii'e

145 1224 265 1298 rpsms
283 1225 324 1272 ιιι
342 1199 507 1273 nomine*
519 1209 648 1275 sancte
664 1209 702 1272 et
717 1197 992 1296 superexaltate
1006 1195 1176 1290 Virginis
1190 1197 1325 1290 Marte,
1352 1211 1392 1273 et
1411 1215 1531 1276 sanch
1549 1201 1673 1276 toan·

31 1377 32 1380 ,
148 1297 207 1374 nis
220 1295 405 1394 Baptista
421 1316 459 1370 et
476 1293 598 1375 sancti
610 1294 744 1370 iacobi
757 1293 919 1392 apostoli
930 1293 1052 1368 fratris
1065 1295 1222 1370 loannis
1237 1293 1491 1392 Evangeliste,
1503 1302 1681 1377 nomine
1762 1370 1781 1388 ,,

146 1394 248 1471 illius
266 1391 480 1493 specialiter
498 1391 741 1467 attitulatum.
792 1391 986 1468 Fundator
1006 1405 1154 1480 autem,
1177 1389 1343 1488 prelatus
1367 1389 1491 1492 Epus,
1524 1399 1665 1472 collau·
1711 1414 1717 1425 ·

148 1495 265 1568 dante
285 1494 473 1570 advocato
492 1488 673 1575 Otto'ne
699 1488 915 1564 Palatino
941 1500 980 1564 et
1007 1486 1197 1564 Heilica
1222 1486 1453 1582 Palatina,
1490 1494 1665 1570 ut'lccus¹

144 1600 219 1665 iste
237 1587 406 1666 odorem
416 1585 561 1664 noticie
575 1613 646 1666 sue
665 1597 705 1664 tn
725 1597 829 1662 omni
841 1590 931 1680 ¹loco
946 1581 1187 1680 diffunderet,
1203 1593 1449 1660 monasticam
1465 1588 1581 1664 vitam
1593 1588 1664 1666 sub

143 1689 281 1784 regula
296 1685 417 1772 sancti
431 1683 633 1762 Benedicti
644 1683 706 1761 hic
727 1681 812 1760 fieri
824 1680 957 1778 votuit,
979 1683 1101 1788 atque
1113 1703 1158 1758 ut
1170 1683 1219 1756 ad
1236 1681 1407 1758 arctioris
1424 1682 1503 1761 vite
1519 1687 1664 1784 fastigia
1742 1763 1754 1774 ,
1774 1687 1776 1692 “

144 1785 437 1875 conscenderet,
461 1807 681 1879 magnarum
705 1783 892 1864 virtutum
916 1783 1106 1874 abbatem,
1131 1779 1367 1858 Walltunum
1388 1781 1547 1872 nomine
1573 1809 1664 1858 oum

145 1882 346 1960 nonnullis
368 1882 548 1978 religiosis
570 1879 747 1976 fratribus
771 1883 820 1957 de
848 1879 1026 1980 religioso
1059 1879 1222 1958 claustro
1247 1885 1367 1954 saneti
1392 1877 1508 1956 Blasii
1535 1881 1664 1978 elegit,

147 2001 187 2056 et
213 2007 304 2056 curn
325 1979 408 2082 ipso
427 2003 531 2056 sacre
553 1989 753 2064 rehemcto
785 1989 813 2053 's
838 1977 1124 2058 illiusCenobii
1149 1976 1283 2055 ordine
1302 1975 1344 2052 in'
1369 1973 1484 2080 hujus
1509 1981 1662 2058 novelle
1718 2051 1719 2054 a

142 2075 398 2179 plantacionis
420 2103 559 2174 agrum·
574 2005 876 2180 tanquam'iigna
898 2073 1090 2154 fructifera
1115 2067 1229 2153 secus'
1241 2073 1458 2152 salutarium
1477 2103 1662 2178 aquarum

69 2261 77 2268 ,
141 2177 352 2254 deauratura
381 2175 682 2276 transplantavit:
712 2177 810 2264 Decv
834 2187 965 2252 autem
994 2181 1286 2252 incrementum·
1310 2175 1436 2270 dante,
1468 2175 1661 2276 predictus

139 2267 253 2374 Epus
277 2271 401 2352 altiori
424 2276 689 2368 ususconsilio
708 2269 821 2374 hujus
842 2272 1026 2374 propositi
1043 2273 1229 2368 ordinem,
1252 2287 1297 2375 ut
1319 2268 1448 2348 firmus
1473 2293 1511 2352 et
1532 2282 1662 2370 incon·
1772 2337 1777 2347 „

140 2375 275 2450 rulsus
293 2383 525 2472 pennnneat,
537 2396 618 2451 sua
636 2369 862 2448 auctoritate
882 2371 1069 2466 stabilivit.
1118 2369 1330 2446 Fridericus

139 2487 186 2546 ct
214 2484 346 2569 postca
365 2495 490 2568 gener
515 2465 600 2572 ejus·
624 2468 747 2545 Otto
779 2467 966 2544 Palatinus
997 2477 1083 2548 viee
1114 2471 1212 2547 illius
1240 2395 1399 2555 contulit
1424 2468 1543 2572 ¹nobis
1577 2494 1662 2569 pre-

145 2565 266 2662 dium,
298 2578 338 2642 in
363 2588 441 2668 quo
464 2571 572 2646 locus
599 2563 712 2668 hujus
735 2559 900 2643 Cenobii
924 2563 1099 2642 fundatus
1124 2588 1190 2660 est,
1223 2583 1262 2646 et
1288 2577 1427 2642 curtam
1447 2562 1559 2668 hujus
1583 2565 1660 2646 Οε-
1753 2571 1758 2576 ’

1379 2389 1461 2448 ater
1480 2373 1662 2468 Palatina,
1779 2378 1781 2383 ‘

8 2721 9 2768 3
146 2663 258 2742 nobii
286 2683 326 2744 et
355 2661 568 2767 adjacentia
597 2663 796 2768 prediarin
828 2649 1254 2762 moriteKalbingen
1280 2663 1661 2741 etUdilscallres·
1771 2680 1776 2686 ’
1820 2683 1822 2690 ’

8 2779 10 2852 ζ
142 2785 308 2862 perge,
345 2779 384 2840 et
409 2761 772 2860 Peringczreut,
803 2787 891 2836 cum
922 2759 1046 2840 vineis
1069 2759 1356 2854 nichilominus,
1389 2781 1428 2838 et
1448 2761 1664 2838 Ecclesiam

8 2951 9 2954 p
140 2859 264 2938 sancti
289 2857 473 2962 Stephani
492 2860 730 2953 Parochiam„
756 2883 833 2961 que
854 2877 975 2936 mater
1005 2873 1060 2936 est
1084 2851 1250 2936 Cenobii
1278 2856 1320 2936 in
1343 2862 1554 2951 anteritate,
1581 2857 1661 2936 iilis
1794 2919 1797 2926 .

141 2954 187 3032 in
211 2953 451 3060 subjectione
472 2971 529 3034 est
547 2983 638 3039 vere
665 2960 838 3036 eadema
859 2953 1049 3060 principio
1071 2959 1227 3034 lundata
1251 2971 1290 3036 et
1313 2957 1512 3034 sublimata
1525 2957 1660 3038 Ecclo*
1727 3024 1731 3031 .

140 3063 210 3146 sin,
234 3071 293 3132 ut·
309 3071 381 3168 per'
402 3081 442 3134 se
460 3055 698 3156 ¹parochialia
724 3055 863 3143 habeat
886 3053 973 3159 jura
1003 3053 1045 3133 in
1071 3055 1273 3158 baptismo,
1309 3051 1354 3132 in
1373 3059 1587 3154 sepulturis,
1617 3063 1659 3148 in
1695 3111 1699 3116 -
1739 3077 1743 3085 “

136 3151 479 3245 decimacionibus,
510 3153 551 3230 in
582 3153 1021 3232 ecelesiasticis'indiciis
1044 3155 1092 3227 ad
1111 3155 1259 3230 nullum
1287 3151 1559 3265 parochianum
1590 3152 1658 3248 ha·

137 3249 242 3326 bens
266 3263 493 3352 respectum.
545 3251 676 3332 Habet
701 3255 852 3352 qnoque
873 3251 915 3326 in
940 3251 1057 3328 dotali
1079 3245 1168 3352 jure
1191 3251 1323 3350 predra
1347 3245 1657 3346 Echenberge
1690 3255 1723 3330 ’,
1768 3254 1774 3260 ’

139 3366 184 3422 et
205 3348 401 3447 predium,
427 3349 534 3450 quod
555 3349 650 3426 infra
672 3364 845 3430 montem
866 3362 947 3449 ast,
984 3352 1136 3426 solvunt
1158 3345 1355 3432 ¹annuatim
1378 3345 1580 3428 dimidium
1603 3360 1657 3421 ta·

39 3469 51 3478 ·
143 3446 297 3522 lentum
327 3458 367 3526 et
387 3467 446 3542 24·
477 3468 675 3542 nummos„
707 3447 888 3538 etruria,
922 3472 998 3546 que
1023 3459 1080 3522 est
1106 3445 1148 3522 in
1180 3441 1417 3541 Seulagcn
1446 3443 1546 3537 villa,
1579 3465 1657 3544 que

141 3557 234 3618 ante
256 3545 464 3622 adventurn
484 3545 770 3623 monachorum¹
786 3547 834 3620 ad
857 3544 1068 3626 Ecclesiam
1094 3542 1271 3643 parochie
1298 3555 1375 3620 tres
1404 3541 1544 3618 solidos
1574 3555 1657 3624 tan·
1696 3576 1702 3584 ·

140 3651 228 3716 tum
254 3645 380 3736 solvit,
412 3643 480 3720 sed
506 3639 580 3747 jam
613 3655 706 3736 tunc
737 3643 785 3720 de
812 3643 1009 3726 novalibus
1038 3642 1314 3717 monachorum
1343 3655 1492 3714 tantum
1521 3635 1657 3736 eadem
1752 3717 1765 3738 ἱ

8 3775 9 3778 “
143 3739 250 3814 cirria
280 3752 442 3840 accepit,
474 3756 518 3818 ut
560 3751 620 3816 'ro
651 3737 870 3824 dominicali
904 3740 1007 3816 curia
1034 3737 1219 3814 habeatur
1249 3751 1288 3816 et
1312 3737 1554 3813 solummodo
1581 3737 1656 3812 lru-

134 3851 318 3914 mentum
332 3838 465 3922 solvit.
529 3771 575 3914 ii

135 3935 189 4006 ad
212 3935 468 4036 supradictam
497 3939 631 4014 dotem
659 3936 845 4036 pertinet;
876 3949 934 4018 est,
959 3934 1072 4011 etiam
1093 3930 1137 4012 in
1164 3933 1296 4027 eadem
1327 3933 1412 4035 villa
1433 3957 1524 4026 ager
1545 3959 1654 4028 unus,

137 4030 210 4129 qui
250 4046 390 4110 crtinet
419 4036 468 4109 ad
492 4035 666 4134 predium
692 4032 1033 4124 Sitelmcsdors,
1066 4046 1105 4111 et
1128 4047 1205 4110 tres
1226 4029 1317 4130 agri,
1343 4030 1653 4143 quos-Repertus

8 4215 9 4218 ,
136 4141 182 4202 et
232 4129 273 4206 lii
297 4129 574 4210 huicEcclesie
594 4123 842 4227 tradiderunt,
868 4141 907 4207 et
927 4145 1075 4232 pratum
1101 4156 1232 4222 unum,
1258 4153 1334 4230 que
1348 4155 1475 4204 omma
1494 4135 1647 4205 solvunt

133 4224 296 4330 [viginta
320 4251 503 4320 xtittmmos
529 4227 576 4322 in
592 4228 662 4315 illo
693 4245 843 4314 tantum
860 4255 980 4328 anno,
1005 4231 1159 4411 ppapdo
1184 4231 1317 4312 omncs
1342 4239 1531 4308 seruntur,
1580 4227 1651 4306 Est
1707 4261 1716 4276 ·

565 3854 596 3914 st
618 3851 659 3916 et
684 3839 809 3916 adhuc
834 3863 925 3933 ager
947 3833 1059 3940 juxta
1084 3836 1213 3914 vitiam
1234 3830 1655 3934 Laidersdcrssqm
1759 3927 1765 3938 ι
1821 3817 1822 3864 i
