3684 4804
589 265 592 276 ·
695 325 702 330 ,
762 255 839 316 a*
887 237 961 355 ⁵9⁰
1007 257 1083 322 ψ.-
1144 247 1182 306 1'
1284 323 1287 328 .

383 443 527 530 lium
551 411 749 527 Destitit.
802 418 907 526 12²8&
936 413 992 547 27ss
1014 434 1117 525 tulii
1166 411 1444 550 Ex‘Originali
1582 517 1588 532 .

252 613 428 710 “obligatio
455 573 838 687 rontrsternttstirnieti
857 619 982 682 Nicolai
1007 621 1042 682 in
1063 585 1198 686 Eeclriis
1226 621 1397 686 cathedrali
1425 589 1585 688 taurios.

52 827 53 830 =
181 765 204 796 ”
269 763 361 851 lios·
377 765 531 848 Ulrious
564 765 627 845 d'ei
658 793 725 866 gra
750 761 978 868 prepositus,
1012 763 1240 846 Cituura'dus
1263 769 1448 866 decanus,
1479 783 1674 876 totumque

175 865 397 972 Capitulum
423 869 669 968 Rattsponen.
694 863 868 943 Ecclesia
892 866 1075 944 universis
1099 880 1295 962 presentes
1325 871 1467 946 litteras
1499 863 1679 966 inspectu¹

170 969 226 1052 fis
252 973 428 1048 volumus
458 985 538 1062 esse
573 977 748 1055 notum,¹
770 964 874 1065 quod
908 987 994 1039 oum
1013 965 1211 1063 Rudperto
1237 964 1419 1066 Magistro
1443 958 1676 1044 fraternitatis

171 1067 294 1149 sancti
317 1062 477 1168 Nycolai
503 1075 544 1138 et
568 1061 645 1136 suis
669 1057 950 1160 coadjutoribus
979 1085 1046 1137 seu
1079 1059 1302 1138 officialibus
1324 1067 1398 1140 tale
1424 1081 1577 1166 pactum
1602 1076 1677 1164 per:

170 1178 293 1268 petuo
321 1159 591 1239 inviolabiliter
624 1157 900 1248 observandum
931 1157 1126 1253 inivimus,
1170 1174 1213 1235 ut
1241 1187 1262 1234 a
1290 1159 1498 1240 Nativitate
1523 1163 1677 1238 Domini

171 1265 326 1359 singulis
344 1256 689 1336 annisinchoando
715 1257 764 1332 de
788 1255 958 1357 exequiis
979 1269 1144 1357 quatuor
1168 1257 1344 1335 iuuerunt
1375 1262 1538 1336 eandem
1561 1258 1676 1334 frater·

50 1389 52 1396 ·
171 1372 333 1442 nitatem
356 1353 580 1432 habentium
606 1353 825 1430 immediate
856 1366 1021 1454 quatuor
1045 1353 1224 1460 oblagia,
1242 1381 1405 1455 quorum
1429 1359 1609 1460 quodque
1625 1353 1679 1448 ad

175 1461 233 1554 67.
254 1453 427 1532 denarios
451 1476 491 1528 se
517 1451 703 1543 extendit,
729 1450 899 1564 recipere
924 1452 1090 1528 debeant
1109 1467 1149 1528 et
1170 1465 1315 1548 tenere,
1339 1477 1414 1530 neo
1433 1453 1510 1531 obli
1539 1457 1590 1529 ati
1607 1472 1678 1529 esse

174 1549 342 1632 debeant
369 1553 417 1625 ad
445 1549 669 1625 solvendum
695 1547 838 1647 aliquid
866 1546 915 1624 de
947 1547 1113 1642 eisdem3
1148 1550 1339 1664 predictus
1367 1576 1460 1628 vero
1540 1551 1676 1648 agister,
1701 1583 1724 1590 ’-

172 1655 238 1734 vel
265 1649 331 1752 qui
355 1673 424 1750 pro
450 1663 625 1817 temqore
649 1644 780 1737 fuerit,
817 1665 855 1721 et
876 1643 934 1720 sui
955 1645 1164 1722 imteruarir
1185 1645 1544 1750 sinerequtsitioue
1568 1643 1679 1750 cujus·

69 1837 75 1844 .
172 1749 268 1830 libet
289 1741 403 1848 pierii
423 1745 501 1823 sire
551 1743 617 1818 oni
639 1741 850 1844 quemlibet
870 1741 996 1844 Epum
1015 1759 1082 1821 seu
1104 1743 1341 1820 canonicum
1362 1757 1492 1826 nostre
1516 1744 1679 1823 Ecclesie
1791 1739 1794 1790 ²

171 1857 263 1929 iam*
278 1849 485 1926 absentem.
511 1859 625 1946 quam
649 1853 866 1954 presentent
893 1851 932 1917 tn
954 1841 1124 1942 exequiis
1149 1843 1206 1917 sui
1230 1841 1356 1918 obitus
1380 1843 1430 1919 de
1453 1855 1536 1942 ipsa
1560 1844 1679 1919 frater·

173 1946 297 2026 nitate
321 1941 440 2016 saneti
463 1937 625 2040 Nycolai
650 1940 916 2034 mtegraliter,
935 1937 1033 2015 sicut
1054 1961 1365 2041 unumquemque
1385 1943 1599 2018 solventem
1619 1937 1692 2030 sex',
1793 1949 1794 1954 ’

174 2041 315 2117 solidos
344 2053 383 2114 et
413 2043 685 2128 indomitos,
719 2059 766 2114 ex
796 2036 901 2113 edire
923 2038 972 2113 de
997 2049 1131 2114 cetero
1150 2038 1395 2114 tenebuntur.
1445 2037 1484 2112 si
1514 2038 1573 2113 uis
1596 2059 1677 2113 vero

173 2139 210 2216 E
238 2164 280 2212 us
305 2147 371 2210 aut
403 2134 616 2208 Canonicus
645 2132 734 2208 alias
768 2063 1021 2232 iratemitates
1054 2159 1122 2248 pro
1158 2133 1330 2234 exequiis
1359 2132 1435 2211 suis
1458 2065 1687 2214 stiiiioientes-

175 2237 225 2312 ba
253 2232 352 2310 uerit
381 2243 623 2332 comparatas,
650 2233 698 2305 de
717 2231 889 2329 predicta
910 2232 1144 2308 fraternitate
1162 2240 1279 2307 sancti
1299 2230 1475 2333 Nycolai,
1501 2259 1579 2334 que
1600 2255 1680 2306 con·

175 2333 294 2410 fertur
322 2333 370 2408 ex
391 2346 504 2444 pacto
534 2327 704 2425 superius
727 2339 922 2420 annotato,
942 2327 1227 2408 ordinandizseu
1251 2329 1497 2406 transferendi
1524 2343 1563 2406 in
1587 2325 1681 2404 diem

175 2429 233 2505 aui
254 2429 405 2530 septimi
431 2430 492 2504 vel
512 2423 691 2499 tricesimi
715 2424 871 2520 habebit
893 2423 1054 2500 liberam
1076 2427 1304 2500 facultatem.
1360 2428 1408 2502 ln
1430 2423 1541 2527 cujus
1562 2423 1616 2502 rei
1632 2435 1682 2498 te·

175 2523 398 2604 stimonium
446 2535 613 2620 reseates
638 2521 782 2598 litteras
802 2519 1037 2617 Sigillomm‚
1061 2523 1242 2598 videlieet
1262 2523 1477 2600 Reverendi
1508 2533 1621 2625 patris
1645 2537 1680 2596 et

177 2623 246 2700 dni
270 2621 393 2700 nostri
416 2552 584 2697 iianncs
608 2619 785 2697 venerab.
810 2619 1006 2718 Ratispon.
1031 2619 1117 2719 Epi,
1151 2633 1191 2696 et
1214 2620 1346 2712 nostri,
1378 2645 1539 2698 necnon
1562 2621 1682 2728 frater:
1792 2631 1793 2686 1

178 2720 344 2804 nitaturn,
368 2720 508 2795 robore
533 2716 688 2794 lecimus
714 2730 955 2804 communiri,
1020 2719 1164 2795 Datum
1188 2733 1230 2795 et
1252 2738 1379 2798 aetum
1402 2743 1505 2800 anuo
1531 2719 1681 2794 nomm
1791 2761 1793 2814 g

48 2841 50 2846 ’
180 2813 287 2910 1283.
312 2814 739 2916 SextoKab'Augusti.

708 2976 786 3041 Trio
800 2975 925 3061 'Stgttta
944 2989 1023 3044 sunt
1045 2955 1174 3049 avolsa

746 3162 1166 3191 Ἢ-ι·

387 3336 504 3416 num.
534 3335 758 3416 ocxxrn.
822 3275 1013 3416 nasso.
1038 3336 1137 3416 nov.
1185 3335 1247 3414 ux
1284 3287 1486 3436 onena.
1528 3429 1532 3436 ,

100 3547 104 3554 ·
127 3481 130 3488 ¹
179 3509 371 3594 (io-positio
391 3513 476 3578 inter
492 3512 597 3600 puers
616 3510 737 3606 Ludos·
758 3516 790 3569 et
810 3511 981 3572 lions-ioum
1002 3529 1072 3579 eum
1092 3510 1345 3574 denominatione
1366 3501 1682 3586 Fidejrusorunfsrit

423 3635 482 3695 per
501 3619 601 3694 Epuru
622 3615 783 3676 Ratisbou·
810 3623 842 3676 et
861 3615 1073 3696 burggrafium
1093 3617 1288 3696 Norimberg.
1308 3617 1451 3688 arbitror.

280 3761 363 3839 Nos
388 3759 648 3837 Heinricus
680 3757 742 3837 dei
767 3785 831 3858 gra
844 3751 1101 3860 ‘Hatisponen
1122 3758 1294 3838 Ecclesie
1318 3743 1444 3858 Epus,
1470 3767 1511 3837 et
1534 3753 1568 3833 F
1571 3749 1680 3832 rita

181 3857 311 3940 ricus
335 3859 582 3955 Burcgravtus
614 3857 916 3960 de'Niirnberch
943 3858 1070 3933 arbitri
1101 3883 1169 3938 seu
1194 3857 1434 3934 arbitratores
1458 3879 1572 3955 super
1605 3865 1678 3926 cau*

182 3957 232 4034 sis
252 3971 296 4034 ut
373 3955 592 4047 artioribus,
625 3953 827 4054 quainter
847 3956 1009 4034 illustres
1034 3957 1129 4031 dnos
1153 3954 1379 4031 Lodwicum
1405 3965 1445 4032 et
1466 3948 1678 4029 Heinrieum

51 4119 57 4126 .
101 4123 106 4131 ,
183 4057 299 4132 duces
360 4054 498 4130 swarie
520 4051 782 4145 terrebantur,
830 4051 1048 4130 arbitrando
1080 4077 1149 4151 pro
1177 4053 1284 4128 bono
1316 4052 1523 4127 concordie
1559 4035 1677 4120 diffini·

182 4179 281 4252 mus,
308 4149 412 4256 quod
441 4151 682 4252 privilegium
705 4165 945 4250 statutorum,
977 4151 1082 4255 quod
1094 4148 1251 4254 incipits
1283 4149 1520 4242 Condito-r
1543 4143 1675 4218 huna·
