3676 4848
4 959 9 1006 t

280 385 283 392 .
411 404 415 415 ,
735 257 824 380 αἶ
856 314 928 404 toa
976 285 1051 381 α’·

261 427 267 436 ·
345 492 463 573 Num.
490 459 722 571 cccxxii.
769 507 880 612 ¹sarr.
922 495 978 579 16.
1004 473 1134 577 Feta
1163 497 1223 576 Ex
1241 471 1439 596 noriginali.
1535 472 1559 492 '⁸

157 641 425 712 desertissima
451 643 492 712 11·
525 643 715 714 nonacris
734 645 764 708 S·
792 649 924 725 iacobi,
951 657 983 711 ct
1007 649 1038 714 S«
1065 651 1147 714 Petri
1174 651 1336 714 Scotorum
1364 653 1565 719 Ratisboncn·
1592 658 1627 722 iu

687 751 948 817 mundiburdium
969 757 1092 843 recipit·
1112 839 1114 844 Α

235 889 284 976 ln
305 896 464 976 nomine
483 906 620 976 saucte'
637 909 678 976 et
695 891 893 976 individue
909 901 1113 995 Trinitatis,
1139 889 1418 996 Flridericus
1442 905 1568 984 divina
1595 905 1647 990 ia·

20 1045 24 1050 -
132 993 472 1078 renieclemcntia
486 997 743 1072 Romanorum
758 997 841 1073 Rex
854 1019 1005 1111 semper
1022 1003 1226 1098 Augustus,
1253 1021 1291 1077 et
1310 993 1395 1087 Rea
1414 1003 1555 1080 Sicilia·
1589 1000 1645 1078 'Si

132 1095 224 1173 siris
252 1094 433 1190 religiosis
459 1094 595 1170 latoris
621 1109 661 1170 ct
682 1087 951 1175 munificentie
974 1109 1128 1190 gratiam
1152 1099 1465 1198 impenderimus,
1499 1114 1647 1201 tempo-

133 1195 282 1296 ralium·
300 1204 340 1268 et
363 1204 582 1269 eternorum
607 1188 797 1266 bonorum
823 1191 1113 1270 retributionem
1136 1196 1399 1272 indubitanter
1421 1207 1646 1274 consecutu-

4 1339 6 1368 3
133 1316 198 1367 ros
222 1311 303 1366 esse
326 1308 527 1390 speramus.
576 1285 823 1393 Quapropter
839 1306 980 1366 notum
1000 1289 1049 1364 sit
1072 1284 1249 1368 omnibus
1268 1293 1348 1392 Xpi
1370 1291 1548 1370 fidelibus
1566 1306 1654 1394 tam,

4 1389 6 1478 i
136 1389 291 1479 suturis,
322 1412 435 1487 quam
455 1386 709 1486 presentibus,
741 1385 903 1486 qualiter
922 1387 1198 1464 monasterium·
1212 1388 1416 1463 Scotorum
1438 1390 1542 1465 llatis
1595 1415 1647 1468 ne
1729 1465 1736 1474 .

4 1481 6 1510 ³
139 1496 227 1560 ante
255 1498 400 1583 portatu
426 1481 703 1559 occidentalem
732 1495 1014 1575 constructum,
1059 1499 1215 1560 necnon
1244 1483 1412 1561 Eccliam
1436 1499 1484 1560 ‘in
1577 1487 1647 1562 ihi
1786 1501 1794 1510 “

4 1555 6 1670 ζ
136 1577 291 1656 sancti
322 1578 455 1656 Petri
486 1583 600 1676 vulgo
631 1578 768 1654 dictam
803 1589 842 1654 tn
870 1579 1049 1656 orientali
1076 1577 1247 1681 ejusdem
1271 1580 1438 1657 Civitatis
1463 1583 1651 1679 suburbio

4 1681 6 1736 ἶ
133 1678 185 1753 ad
202 1677 306 1752 idern
336 1675 610 1752 monasterium
636 1685 690 1766 sci
715 1674 849 1752 iacobi
874 1677 1080 1752 &ntorum
1104 1678 1332 1756 attinentem
1360 1679 1648 1754 secundante

132 1795 274 1850 norem
297 1770 406 1850 firme
437 1772 622 1848 libertatis
646 1771 932 1888 privilegiorum
967 1785 1251 1852 antecessorum
1287 1793 1499 1849 nostrorum
1533 1775 1645 1850 Rom.

4 1855 5 1918 Ῑ
107 1887 110 1895 ’
132 1858 479 1972 imperatorumue
500 1869 651 1966 Regum
674 1869 834 1946 Heumcr
853 1873 925 1943 lll.
946 1869 1112 1946 Henrici
1133 1871 1201 1952 lV.
1233 1871 1404 1946 Lotharii
1426 1879 1466 1948 et
1485 1870 1652 1948 Fritleri··

4 1983 6 2022 i
133 1967 188 2059 ci,
218 1965 478 2043 obhoncrem
503 1966 566 2041 dei
591 1977 630 2040 et
652 1966 941 2043 venerationem
960 1966 1162 2044 bettonam
1183 1967 1372 2067 Aplorum
1393 1969 1497 2045 Petri
1515 1979 1559 2042 ac¹
1587 1971 1655 2046 Ja··
1783 1970 1788 1975 ’

4 2135 5 2138 ,
132 2063 235 2155 sobi,
261 2073 395 2160 rogatu
413 2063 575 2138 Matthei
592 2061 736 2138 abbatis
763 2081 802 2138 et
820 2062 977 2150 frasnum
998 2058 1171 2165 ejusdem
1187 2063 1418 2156 monasterii,
1442 2085 1556 2168 atque
1579 2059 1648 2140 in-

4 2173 5 2200 l
131 2180 235 2236 uum
254 2160 425 2238 Ecclesic
442 2161 506 2235 Sci
526 2161 627 2234 Petri
641 2159 929 2259 supplicatione,
956 2183 1031 2261 que
1052 2159 1177 2237 Sauos
1195 2162 1415 2238 monasterii
1433 2159 1494 2238 Sci
1512 2163 1649 2238 Jacobi
1781 2171 1786 2174 ’

4 2247 6 2278 *
133 2256 381 2334 motinense
395 2256 587 2356 probatur,
613 2281 701 2332 curn
714 2257 891 2332 omnibus
907 2259 1018 2334 bonis
1036 2269 1077 2334 et
1091 2259 1397 2360 possessionibus,
1425 2285 1513 2360 quas
1529 2261 1649 2334 morlo

131 2354 280 2432 habent
299 2353 585 2443 rationabiliter,
618 2371 658 2429 et
681 2377 770 2452 quas
795 2363 836 2428 in
862 2367 1057 2453 posterum
1083 2353 1304 2454 specialibus
1334 2355 1552 2430 nominibus
1584 2357 1648 2436 de·
1761 2427 1765 2432 .

4 2485 6 2508 t
131 2450 383 2550 signabimus,
416 2463 484 2526 aut
506 2449 549 2526 in
567 2450 739 2525 futurum
756 2446 863 2550 justis
883 2451 1006 2543 modis
1033 2459 1121 2529 sunt
1145 2451 1330 2546 habituri,
1361 2453 1404 2528 in
1426 2439 1657 2527 manditur-¹

132 2549 245 2626 dium
262 2547 491 2628 detensionis
508 2565 578 2625 nnc
597 2547 833 2647 suscipimus,
862 2569 909 2624 eo
933 2548 1078 2626 scilicet
1104 2561 1255 2642 tenore,
1287 2569 1330 2624 nt
1349 2547 1448 2624 sicut
1468 2549 1648 2625 constitu·

131 2658 220 2722 tum
243 2657 300 2724 ast
317 2669 340 2734 a
359 2643 577 2748 supradiotIs
605 2643 919 2744 imperatoribus,
943 2647 1046 2724 idem
1070 2645 1341 2722 monasterium
1364 2647 1419 2723 sci
1441 2644 1577 2724 Jacobi
1603 2671 1649 2724 ac

130 2742 265 2820 Euclio
288 2740 342 2818 soi
368 2741 490 2834 Petri,
525 2763 599 2817 nec
621 2763 702 2816 non
724 2739 888 2818 ciboria
910 2739 983 2816 sibi
1012 2742 1238 2834 attinentia,
1270 2769 1315 2831 ac
1339 2743 1483 2821 ibidem
1506 2746 1672 2819 solum·'
1732 2777 1740 2788 ··

4 2875 48 2952 ζ·
130 2837 377 2917 modo'Sccti
396 2837 665 2929 inhabitantes,
697 2850 736 2913 ct
760 2837 854 2916 nulli
882 2837 946 2914 alii
975 2859 1199 2940 perpetuam
1225 2839 1393 2918 habeant
1419 2841 1652 2935 libertatem,
1757 2843 1761 2848 ’

129 2961 208 3015 nec
232 2936 281 3012 ab
303 2935 428 3036 aliqua
476 2957 610 3012 crsona
629 2956 763 3032 magna
782 2936 844 3042 tel
866 2959 979 3035 parta
999 2957 1219 3033 graventur,
1251 2961 1325 3015 nec
1348 2938 1552 3050 quicquam
1574 2963 1650 3016 ser·¹
1758 2949 1764 2971 “·

4 3011 6 3048 ³
128 3031 235 3126 vicii,
259 3043 332 3108 nisi
349 3037 418 3108 soli
441 2959 516 3110 <leo
539 3043 578 3110 ct
592 3032 739 3108 Sanctis
763 3046 852 3133 ejus*
867 3035 1027 3110 reddere
1049 3053 1244 3130 cogantur,
1268 3059 1395 3134 neque
1416 3038 1540 3134 aliqua
1565 3041 1654 3134 pen·

127 3153 226 3208 sona
246 3125 368 3234 major
388 3132 454 3208 vel
476 3128 602 3206 minor
615 3140 659 3207 in
682 3155 746 3205 eos
767 3137 832 3204 aut
858 3127 901 3205 in
926 3130 1027 3204 bona
1052 3148 1185 3206 eorum
1208 3135 1513 3244 qualemcunque
1529 3130 1649 3204 domi-

127 3226 338 3306 nacionem
359 3227 526 3304 babeant
545 3239 675 3325 preter
695 3251 774 3302 nos·
787 3238 826 3302 c't
845 3225 1086 3304 successores
1114 3251 1203 3302 nros
1226 3250 1333 3321 reges
1359 3229 1424 3301 vel
1446 3238 1652 3326 imperatos

127 3351 206 3417 res,
232 3325 301 3402 sed
317 3335 439 3402 securi
458 3335 635 3400 maneant
655 3321 798 3423 absque
815 3325 922 3400 orsini
944 3325 1247 3400 contradictione
1271 3325 1332 3398 vel
1348 3322 1652 3422 perturbatione,

4 3437 6 3474 ἓ
128 3441 286 3501 orantes
311 3445 381 3522 pro
401 3445 441 3498 sc
464 3439 502 3500 et
521 3445 591 3520 pro
606 3431 705 3495 statu
725 3431 884 3519 imperti,
908 3445 950 3495 ac
973 3419 1095 3496 tocius
1112 3419 1283 3496 Ecclesia
1302 3422 1431 3495 salute.
1481 3420 1649 3498 Nomina

125 3518 569 3619 autemrpossessionum
588 3516 661 3593 bec
682 3530 790 3593 suut:
817 3517 1089 3618 Manzpach,
1110 3513 1420 3610 ¹Caltenberc,
1445 3515 1649 3616 Tegern⁶
1790 3515 1823 3608 J

4 3625 5 3644 ³
125 3617 275 3707 heim,
304 3614 1080 3786 Gundol'tingencumlpiscaturis,
1106 3612 1648 3709 Riut‚Kindenbus,Ge·
1690 3619 1694 3628 ’

103 4117 246 4197 stet,
271 4101 533 4178 Mahtenve

125 3712 417 3804 belchoven,
442 3709 771 3808 Wernsingen,
841 3721 1041 3810 neuting
1064 3735 1165 3790 cum
1190 3710 1355 3789 Vincis
1381 3709 1473 3786 suis
1499 3723 1545 3796 et
1571 3711 1649 3788 Ca·

162 3813 264 3888 ella
288 3835 378 3898 sua,
402 3807 704 3886 Boche'friilte
729 3831 829 3885 cum
858 3807 1057 3908 Capella
1082 3833 1159 3884 sua
1184 3821 1230 3885 ct
1253 3806 1471 3900 decimis,
1507 3807 1649 3885 Trub-

125 3835 318 4006 iunges,
349 3904 663 3983 Tietelndorl
678 3915 899 4005 'superius
926 3925 972 3981 et
996 3904 1198 3982 inferius
1223 3927 1310 4015 cum
1339 3909 1436 3982 silvis
1461 3917 1504 3981 et
1527 3991 1530 3996 ¹
1557 3905 1649 3984 isca·
1687 3941 1691 3946 ·
1735 3961 1740 3984 .-

126 4015 246 4100 turis,
278 4002 494 4105 ceterisque
517 4005 747 4175 appendiciis
772 4013 1065 4176 circumgraque
1090 4003 1161 4079 sibi
1187 4001 1461 4105 adjacentibus,
1554 4029 1648 4079 arc·

564 4099 885 4191 t,Tcsscnh·iil,
958 4098 1135 4194 brekos,
1154 4099 1452 4178 molendinuma
1480 4102 1533 4176 ud
1550 4100 1648 4179 Sin·

127 4199 321 4302 zingen,
341 4197 520 4280 Grlstet
538 4211 625 4279 curu
642 4195 807 4302 Capella,
831 4197 941 4294 silvis,
958 4207 1162 4304 piscaturis,
1180 4195 1439 4294 molendinis,
1481 4198 1648 4314 nsidel,
