3616 4850
615 303 1008 412 sessu·
1101 383 1112 418 Ι.
1249 370 1252 378 ·

14 577 21 584 .
105 511 301 623 qrrandam
327 505 546 592 Ecclesiam
577 539 666 592 cum
695 507 892 616 mancipiis
930 523 969 590 et
1000 509 1199 591 territoriis
1224 511 1295 592 sibi
1315 517 1619 620 'pertinentibus
1749 563 1758 572 .

86 641 205 721 'quae
235 629 295 691 est
313 613 396 691 sita
424 612 465 690 in
493 626 698 714 prospectu
722 611 804 690 fisci
826 612 963 702 nostri,
1003 614 1069 714 qui
1098 615 1318 692 nourinatur
1335 617 1620 718 'Tingulvin

100 743 177 814 ga,
203 712 274 814 qui
296 710 376 794 luit
388 714 539 788 cuidam
556 736 665 788 servo
689 711 807 809 regie,
832 710 991 786 nomine
1017 712 1215 790 Aritkcrio.
1266 715 1378 791 Hanc
1399 716 1528 818 itaque
1547 720 1619 794 Ec-

5 823 6 826 ’
99 813 281 901 alesiam,
314 809 411 886 sicut
435 810 614 901 diximus,
649 837 736 884 cum
761 808 906 883 ibidem
931 809 1229 908 pertinerrtibus,
1270 825 1309 886 et
1333 839 1421 904 eum
1442 815 1621 892 omnibus

1 926 2 934 ’
102 907 451 1000 aedificiis-terris,
478 919 517 987 et
541 907 730 1008 quidquid
754 908 803 980 ad
826 909 985 984 eandem
1012 906 1223 982 Ecclesiam
1272 909 1435 986 ertinere
1456 911 1621 1008 videtur,

109 1025 232 1085 summ
255 1007 369 1084 etad
393 1017 584 1106 integrum
612 1004 807 1106 praedicto
830 1004 1065 1080 Monosterio
1092 1007 1210 1082 sancti
1265 1007 1460 1095 mmerami
1515 1033 1623 1110 erpe-
1729 1055 1732 1066 =

123 1107 265 1182 uniter
280 1107 331 1180 ad
345 1105 565 1192 habendum
582 1101 787 1196 firmamus,
810 1101 864 1178 ita
878 1103 1072 1194 videlicet,
1096 1117 1138 1178 ut
1161 1103 1413 1222 quidquidab
1430 1035 1620 1184 hodierno

1 1243 2 1250 κ
125 1204 179 1280 die
194 1218 230 1281 ct
257 1218 438 1302 tempore
464 1205 648 1280 Rectores
673 1228 718 1306 ac
740 1198 906 1276 Ministri
929 1226 1042 1300 supra
1067 1217 1271 1280 memorati
1296 1204 1537 1296 Monasterii,
1578 1216 1619 1282 et
1720 1223 1726 1232 “

113 1300 192 1378 inde
209 1304 268 1379 ob
291 1300 500 1378 utilitatem
520 1315 559 1378 et
580 1299 894 1375 commoditatem
912 1299 970 1372 sui
990 1301 1114 1375 lacere
1138 1303 1201 1376 vel
1225 1299 1391 1376 iudicare
1414 1302 1619 1396 voluerint,

113 1399 224 1475 libero
255 1401 300 1474 in
332 1397 510 1474 omuibus
536 1399 777 1499 perfruantur
803 1394 961 1470 arbitrio
985 1393 1167 1488 faciendi,
1205 1398 1395 1497 quidquid
1418 1399 1619 1495 elegerint.
1679 1407 1711 1461 ,‘
1765 1475 1769 1490 ,

1 1557 2 1572 ,
111 1495 154 1571 Et
173 1519 221 1573 ut
242 1499 340 1572 haee
362 1496 565 1576 auctoritas
586 1493 905 1596 largitatisatque
932 1490 1232 1567 confirmationis
1264 1509 1415 1570 nostrae
1442 1521 1512 1594 per
1536 1522 1620 1572 cur·

107 1595 223 1672 ricula
246 1621 438 1670 annorum
463 1593 722 1705 inviolabilem
748 1607 862 1704 atque
888 1590 1155 1704 inconvulsam
1182 1590 1357 1670 obtineat
1383 1589 1618 1690 finnitatem,

1 1775 2 1798 ,
105 1693 237 1776 annuli
257 1692 379 1770 nostri
398 1690 645 1793 impressione
666 1713 803 1789 aignan
824 1716 1008 1766 sumimus.

261 1847 437 1957 Signum
460 1845 713 1920 Hludounioi
732 1845 1016 1946 gloriosissimi
1039 1847 1173 1962 Regis.
1199 1799 1569 1946 (Menogmmma.)
1618 1893 1621 1898 ·

1 2097 2 2100 Ἴ
201 2013 438 2097 Adolleodus
455 2014 635 2090 diaconus
654 2013 701 2088 ad
722 2011 1072 2089 vicemGauzbaldi
1088 2021 1305 2110 recognovi.
1330 2013 1430 2087 Data
1446 2013 1510 2086 Vl.
1530 2015 1615 2091 Kal.

1 2127 2 2164 i
105 2113 228 2205 lunii,
255 2113 360 2185 aurio
387 2111 472 2185 XX·
503 2111 655 2210 imperii
680 2111 812 2185 domni
834 2110 1074 2186 Hludouuici
1101 2107 1327 2186 serenissimi
1354 2110 1536 2206 Augusti,
1576 2123 1616 2188 et

108 2237 179 2287 ann
231 2209 341 2288 Vlll.
366 2208 474 2304 regni
493 2209 623 2299 nostri,
649 2208 861 2286 indictione
875 2212 945 2284 XI.
982 2211 1126 2286 Actum
1149 2223 1207 2285 est
1229 2206 1492 2308 reginesburg
1517 2207 1618 2290 Civi-
1705 2247 1708 2257 ·

105 2323 159 2398 tat
277 2305 342 2385 dei
364 2305 522 2388 nomine
541 2304 704 2408 leticiter
729 2331 853 2382 amen.

216 2472 220 2480 ·
440 2449 599 2537 Sigillum
619 2449 757 2526 interius
778 2450 974 2538 impressum
995 2413 1164 2537 inlegrtlin
1185 2457 1287 2515 extat.

859 2607 1059 2628 m

533 2706 536 2715 ’
657 2747 774 2826 Num.
797 2749 941 2828 xxix,
978 2749 1062 2827 sss.

134 2890 296 2952 Baturicus
318 2891 400 2968 Epus
417 2906 493 2962 ,cum
510 2885 661 2950 advocato
678 2907 735 2947 suo
758 2889 877 2946 Patrico
896 2889 1027 2964 susdpit
1047 2883 1247 2950 donationem
1269 2887 1397 2950 Comitis
1417 2845 1588 2954 Wilhelnal
1679 2959 1682 2964 ,

438 2995 442 3006 “
487 3013 488 3016 ’
618 2999 725 3052 ronow
756 2991 954 3053 Emmeramo‘
981 2993 1104 3054 factm
1225 3073 1233 3080 .

740 3143 801 3208 Pcz
822 3144 843 3210 l.
864 3168 890 3210 c.
919 3157 987 3222 24⁵⁴

208 3260 387 3379 Quisquis
413 3261 456 3338 in
474 3261 547 3338 hcc
567 3256 665 3354 rita,
697 3287 796 3362 quae
824 3263 970 3338 eunctis
990 3261 1212 3352 mortalibus
1233 3261 1379 3350 lacerta
1404 3281 1480 3355 cst,
1505 3271 1617 3339 caute

106 3381 353 3461 semetipsum
381 3357 623 3435 tutamentis
651 3361 864 3437 devotione
888 3360 1162 3462 circumspicit,
1196 3364 1244 3436 ad
1268 3360 1371 3436 illam
1390 3361 1479 3435 sine
1498 3360 1617 3436 dubio

1 3511 2 3536 i
110 3459 310 3560 perveniet
331 3457 493 3534 {eliciter
512 3457 647 3548 vitam,
673 3456 741 3531 ubi
766 3457 821 3533 illi
843 3483 930 3533 cum
952 3459 1106 3540 Christo
1126 3470 1315 3556 regnant,
1334 3459 1401 3558 qui
1424 3457 1510 3533 heic
1533 3481 1619 3556 pro·

1 3588 2 3642 ς
110 3557 414 3653 videgesseums
435 3571 636 3655 praecepta
658 3553 803 3629 domini
825 3555 1180 3640 sui'ccnservando.
1209 3552 1215 3560 ¹
1250 3556 1334 3631 Hac
1356 3559 1502 3631 cautela
1526 3581 1619 3630 con·

1 3709 2 3718 κ
108 3673 276 3755 punctus
292 3653 450 3755 'quidam
472 3657 628 3746 Comes,
652 3653 818 3730 nominc'
837 3653 1113 3748 Uuilihelmus,
1150 3668 1188 3729 et
1206 3669 1251 3729 ut
1271 3651 1507 3749 refrigerium
1534 3651 1616 3739 aui·

110 3777 307 3828 mae-suae
333 3777 377 3826 ac
400 3757 617 3864 'perpetuae
641 3749 1072 3860 beatitudinis'gloriam
1100 3754 1335 3851 adquireret,
1373 3753 1421 3826 ad
1445 3769 1620 3848 sanctum

109 3849 484 3926 emmeramum-der
510 3861 716 3952 martyrem
736 3848 883 3941 omnia,
920 3873 1020 3948 quae
1046 3851 1179 3925 habuit
1203 3851 1243 3925 in
1265 3850 1358 3926 locis
1382 3849 1513 3922 subter
1532 3846 1620 3924 scri·

108 3949 203 4048 ptis,
228 3946 400 4038 tradidit,
425 3946 598 4049 nihilque
620 3944 862 4046 proprietatis
885 3971 974 4020 suae
1002 3961 1107 4022 extra
1127 3948 1287 4038 dimisit,
1313 3949 1418 4046 quod
1442 3971 1521 4020 non
1548 3961 1635 4021 tra.

110 4048 223 4121 deret
245 4045 287 4118 in
312 4044 405 4120 vicis
430 4044 513 4119 istis
542 4043 880 4138 Sconheringa,
920 4043 1268 4136 Cheminatum,
1303 4063 1341 4120 et
1370 4043 1619 4119 Purcheim

108 4167 156 4217 α
175 4142 322 4218 scilicet
344 4141 513 4234 ratione,
544 4143 588 4216 ut
614 4153 701 4241 post
730 4141 882 4216 obitum
905 4167 1015 4215 suum
1039 4141 1199 4219 firmiter
1221 4145 1275 4216 ad
1295 4141 1418 4240 ipsum
1438 4141 1619 4216 Sanctum

107 4239 189 4322 Dei
218 4239 299 4342 ipsa
321 4237 536 4330 traditionis
561 4265 674 4344 causa
695 4251 896 4334 constaret,
920 4237 953 4320 si
971 4239 1175 4318 haeredem
1188 4265 1280 4318 non
1298 4239 1469 4342 haberet,
1501 4253 1541 4316 et
1562 4253 1619 4351 ta·
