3648 4850
814 261 1121 362 sarno-e.

224 452 297 533 'otis
316 434 511 530 Bauuariis
538 446 586 524 ad
607 447 750 540 locum,
783 443 849 546 qui
871 443 1191 544 Dingolfinga,
1215 462 1383 542 qoeatun
1413 441 1454 521 in
1484 471 1594 523 causa
1622 453 1735 552 syno-

103 554 115 576 ⁸
225 555 319 627 dalis
347 547 539 648 colloquii,
573 546 768 646 Episcopis
794 543 973 622 videlicet
1009 563 1047 619 et
1072 541 1287 620 Comitibus
1313 545 1470 644 aliisque
1496 572 1544 644 po
1576 545 1646 620 ulis
1676 563 1736 622 su·

103 641 111 653 ¹
223 649 416 751 predictae
446 642 618 740 regionis.
690 641 963 718 Residentibus
986 655 1116 718 autem
1138 641 1337 742 Episcopis
1367 639 1408 716 in
1435 649 1529 744 syno
1579 643 1605 716 li
1628 641 1730 720 Con-

225 747 315 823 cilio
350 745 610 840 Adalperlb
650 739 845 838 Archiepo
885 737 1153 834 Salzburgensi,
1201 737 1460 836 isangrimo'
1495 740 1581 839 Epo
1612 739 1735 816 Ratis·-

180 917 187 929 ,
251 837 678 930 onensi,'Gerl1ardo
706 835 789 938 Epo
819 834 1045 926 pataviensi,
1080 837 1348 912 Wollramo
1379 837 1413 910 E
1441 862 1464 909 ο
1494 836 1736 933 Frisingensi,

223 867 458 1018 liettardo
494 937 581 1040 Epo
608 932 845 1025 Sabionensi,
883 931 1105 1046 nuntiisque
1139 932 1378 1010 Udallridi
1409 864 1486 1031 lipi
1510 935 1737 1010 Aistarensis

226 1032 426 1149 Choricpis
448 1034 611 1132 Dipe'rto
638 1051 677 1109 et
698 1029 965 1122 Suuaterloho,
996 1033 1155 1130 ahisque
1180 1029 1410 1134 presbyteris
1432 1043 1472 1107 et
1495 1031 1734 1134 dyaconibus

224 1161 268 1210 ac
295 1131 440 1208 clericis
470 1157 583 1232 quam
609 1128 791 1232 plurimis,
822 1129 878 1204 de
902 1125 1038 1203 Statu
1060 1124 1409 1206 Ecclesiastico
1435 1130 1735 1226 tmctanleale-

214 1231 376 1332 piandos
401 1229 480 1304 dies
505 1227 742 1305 subscribere
765 1228 1011 1302 sanxerunt“
1090 1287 1093 1292 .
1369 1235 1390 1274 '³

320 1353 420 1468 Acta
435 1355 609 1437 uberiora
625 1356 772 1464 Synodi
795 1356 995 1474 hucusque
1019 1333 1175 1434 detecta
1195 1381 1276 1434 non
1298 1375 1396 1433 sunt

538 1653 656 1729 Num.
680 1646 759 1726 011.
795 1671 880 1752 940.
913 1675 959 1753 29
981 1608 1085 1725 Mart
1127 1641 1409 1746 ExOrigineli.

220 1793 289 1872 t'tex
307 1807 383 1870 otto
398 1807 424 1870 1.
453 1769 730 1896 coneeditaaneto
758 1803 952 1870 Emmerarno
981 1803 1085 1861 locam
1106 1801 1310 1876 Heliadum,
1335 1807 1371 1863 et
1394 1803 1500 1864 locun
1526 1757 1734 1886 iteuctingen

657 1927 728 1968 oum
746 1908 863 1967 foresto
886 1908 924 1967 et'
938 1906 1068 1984 reliquis
1089 1908 1297 1985 pertinentiis·
1732 1909 1735 1914 '

135 2085 144 2098 =
204 2075 208 2078 ·
317 2056 366 2131 In
385 2051 716 2132 nomineaesanctae
742 2065 782 2128 et
804 2049 1021 2126 individuae
1047 2045 1261 2143 Trinitatis,
1288 2045 1408 2127 otto
1434 2049 1561 2144 divina
1577 2031 1733 2132 favente

219 2153 423 2232 clementia
445 2153 537 2230 ilex.
598 2148 785 2226 Norerint
809 2173 943 2234 omnes
968 2148 1090 2222 nostri
1109 2145 1242 2224 fideles
1264 2160 1342 2222 tam
1366 2173 1590 2248 praesentes,
1616 2177 1735 2252 quam

221 2255 335 2327 etiam
358 2263 398 2326 et
420 2249 558 2342 luturi,
584 2248 745 2349 qualiter
765 2271 845 2320 nos.
860 2247 911 2319 ob
932 2270 1101 2322 amorem
1123 2243 1197 2320 Dei
1222 2255 1488 2362 genitricisque
1509 2249 1625 2339 illius,
1655 2273 1737 2328 nec

219 2373 301 2424 non
324 2361 363 2426 et
388 2348 560 2434 omnium
580 2361 808 2433 sanctorum,
835 2356 874 2419 et
893 2368 963 2442 pro
979 2343 1150 2419 remedio
1173 2355 1318 2420 animae
1339 2362 1456 2450 patris
1476 2346 1595 2422 nostri
1613 2366 1652 2422 et
1677 2347 1745 2422 ob.

218 2454 396 2521 aeternae
415 2441 730 2522 remunerationis
745 2464 1003 2536 augmentum,
1028 2465 1200 2530 necnon
1220 2462 1259 2517 et
1279 2465 1348 2540 per
1367 2443 1622 2528 interventum
1638 2441 1736 2521 lide-

168 2599 172 2608 .
218 2540 314 2618 lium
337 2541 553 2618 nostrorum
580 2537 795 2622 Heroldi‚
821 2537 1310 2632 Salzburgensis‘Ecclesiae
1330 2543 1556 2618 venerabilis
1572 2541 1737 2619 Archie-

220 2638 378 2742 piscopi,
403 2641 470 2716 sed
490 2653 529 2715 et
553 2637 806 2713 Berhtoldi
831 2633 962 2722 dilecti
986 2632 1108 2710 fidelis
1132 2635 1253 2712 nostri
1273 2636 1391 2730 ducis,¹
1406 2639 1442 2752 *)
1468 2641 1517 2712 ad
1544 2657 1736 2718 monaste
1787 2643 1790 2652 '

219 2748 329 2827 rium,
356 2736 457 2836 quod
477 2747 517 2812 in
541 2735 757 2836 Radispona
775 2733 817 2807 in
838 2734 986 2807 honore
1008 2730 1125 2806 sancti
1147 2733 1252 2808 Petri
1272 2734 1451 2836 principis
1471 2735 1736 2836 apostolorum

219 2845 260 2910 et
286 2833 405 2910 sancti
433 2833 665 2910 Emmerarni
693 2829 865 2934 martyris
892 2831 947 2924 **)
987 2845 1245 2905 constructum
1279 2855 1360 2908 esse
1389 2833 1557 2928 videtur,
1597 2849 1637 2911 et
1667 2834 1738 2910 cui

160 2979 164 2987 ·
218 2930 448 3028 isangrim
473 2927 698 3024 venerabilis
721 2929 827 3027 Epus
854 2925 1037 3005 et'lidelis
1059 2942 1190 3004 noster
1213 2941 1306 3002 tunc
1332 2953 1501 3028 praeesse
1521 2931 1739 3024 videbatur,

103 3083 110 3090 -
218 3031 367 3121 locum,
402 3027 469 3127 qui
495 3028 634 3103 dicitur
660 3025 984 3126 Helphindorl
1010 3050 1099 3100 cum
1123 3025 1285 3115 foresto,
1319 3041 1434 3126 atque
1463 3029 1664 3105 lorestariis
1691 3046 1739 3106 et
1814 3059 1816 3064 ·

23 3199 30 3214 ,
117 3181 123 3200 .
161 3165 163 3170 v
216 3140 440 3217 venatione,
464 3149 538 3200 nec
561 3152 643 3200 non
663 3143 701 3199 et
727 3143 857 3198 nostro
880 3121 987 3219 regio
1010 3124 1152 3212 banno,
1177 3134 1333 3244 insuper
1355 3141 1394 3200 et
1419 3123 1660 3224 Niuhinga
1690 3138 1739 3205 in

220 3249 320 3320 pago
345 3222 709 3318 sundergowe,
743 3223 786 3298 in
808 3220 1004 3296 Comitatu
1028 3219 1225 3295 Abrammi
1248 3220 1410 3298 (inmitis
1435 3245 1523 3299 cum
1551 3223 1739 3302 omnibus

218 3320 269 3392 ad
292 3321 423 3392 eadem
447 3323 532 3396 loca
559 3334 598 3397 et
621 3319 803 3396 forestum
829 3317 912 3394 iure
935 3315 1183 3417 legitimeque
1207 3315 1505 3418 pertinentibus,
1536 3335 1659 3404 manci
1690 3334 1740 3400 iis

219 3414 419 3514 utriusque
442 3439 552 3492 sexus
580 3432 619 3494 et
643 3414 829 3508 aureuriis,
855 3415 1048 3506 cidelarits,
1077 3414 1280 3514 parscalcis,
1311 3417 1458 3510 mansis,
1489 3419 1597 3494 terris
1621 3351 1741 3498 cultis

140 3555 147 3562 ·
219 3533 259 3592 et
281 3509 442 3610 incultis,
473 3511 665 3608 aedificiis,
689 3511 797 3613 agris,
848 3510 946 3604 ratis,
971 3514 1129 3626 pascuis,
1154 3517 1545 3628 aquisaquarumque
1567 3517 1741 3594 decursi-

213 3605 307 3706 bus,
339 3606 588 3702 molendinis,
624 3611 783 3714 piscatio
815 3607 823 3626 '
853 3635 916 3706 us,
947 3607 1018 3690 viis
1044 3621 1086 3688 et
1110 3609 1240 3708 inviis,
1274 3612 1441 3692 entibus
1468 3625 1509 3690 et
1535 3609 1740 3717 reditibus,

125 3927 130 3939 ‚
263 3837 297 3944 ’l
335 3855 643 4016 Duelisdliqoariaa
675 3880 736 3943 per
767 3857 922 3926 ottonem
949 3857 1059 3952 ipram
1091 3858 1273 3952 praepositi
1306 3867 1425 3928 eontra
1445 3858 1544 3951 filies
1575 3857 1737 3954 ΛΜΨ,

278 4001 281 4007 1
340 3975 423 4016 mar
468 3962 534 4018 retr.
1137 3978 1141 3982 ·
1416 3969 1417 3976 ¹
1803 3971 1815 3982 ·

261 4055 310 4152 at)
329 4067 386 4179 ila
400 4065 640 4228 nrpngrtegulm
654 4067 847 4140 cathedrale
861 4070 1033 4154 complexo
1052 4067 1147 4136 titulo
1163 4069 1403 4165 significatum,
1418 4093 1487 4138 non
1498 4070 1604 4153 aliud,
1624 4091 1738 4162 quam
1756 4133 1762 4144 ,
1814 4069 1815 4074 “

339 4186 409 4252 ipse
456 4185 528 4228 eea
579 4187 651 4248 prs.
