<?xml version="1.0" encoding="UTF-8"?>
<!DOCTYPE html PUBLIC "-//W3C//DTD XHTML 1.0 Transitional//EN"
    "http://www.w3.org/TR/xhtml1/DTD/xhtml1-transitional.dtd">
<html xmlns="http://www.w3.org/1999/xhtml" xml:lang="en" lang="en">
 <head>
  <title>
</title>
<meta http-equiv="Content-Type" content="text/html;charset=utf-8" />
  <meta name='ocr-system' content='tesseract 3.04.00' />
  <meta name='ocr-capabilities' content='ocr_page ocr_carea ocr_par ocr_line ocrx_word'/>
</head>
<body>
  <div class='ocr_page' id='page_1' title='image "./codexchronologi01riedgoog_0122.png"; bbox 0 0 3648 4850; ppageno 0'>
   <div class='ocr_carea' id='block_1_1' title="bbox 778 303 1128 373">
    <p class='ocr_par' dir='ltr' id='par_1_1' title="bbox 778 303 1128 373">
     <span class='ocr_line' id='line_1_1' title="bbox 778 303 1128 373; baseline 0 -13"><span class='ocrx_word' id='word_1_1' title='bbox 778 303 1128 373; x_wconf 47' lang='lat' dir='ltr'><strong>mione*</strong></span> 
     </span>
    </p>
   </div>
   <div class='ocr_carea' id='block_1_2' title="bbox 11 471 1806 2332">
    <p class='ocr_par' dir='ltr' id='par_1_2' title="bbox 11 471 1767 1664">
     <span class='ocr_line' id='line_1_2' title="bbox 172 471 1766 584; baseline 0.001 -23"><span class='ocrx_word' id='word_1_2' title='bbox 172 477 279 562; x_wconf 77' lang='lat' dir='ltr'><strong>initis</strong></span> <span class='ocrx_word' id='word_1_3' title='bbox 298 477 451 559; x_wconf 84' lang='lat' dir='ltr'><strong>nostrae</strong></span> <span class='ocrx_word' id='word_1_4' title='bbox 471 471 598 578; x_wconf 76' lang='lat' dir='ltr'><strong>regiae</strong></span> <span class='ocrx_word' id='word_1_5' title='bbox 616 473 798 579; x_wconf 83' lang='lat' dir='ltr'><strong>potestati</strong></span> <span class='ocrx_word' id='word_1_6' title='bbox 814 473 960 551; x_wconf 87' lang='lat' dir='ltr'><strong>iudicio</strong></span> <span class='ocrx_word' id='word_1_7' title='bbox 980 473 1245 553; x_wconf 83' lang='lat' dir='ltr'><strong>scabineonnn</strong></span> <span class='ocrx_word' id='word_1_8' title='bbox 1259 471 1364 553; x_wconf 81' lang='lat' dir='ltr'><strong>curn</strong></span> <span class='ocrx_word' id='word_1_9' title='bbox 1376 473 1563 575; x_wconf 73' lang='lat' dir='ltr'><strong>omnibus,</strong></span> <span class='ocrx_word' id='word_1_10' title='bbox 1588 503 1703 584; x_wconf 82' lang='lat' dir='ltr'><strong>quae·</strong></span> <span class='ocrx_word' id='word_1_11' title='bbox 1762 523 1766 528; x_wconf 94' lang='lat'><em>·</em></span> 
     </span>
     <span class='ocr_line' id='line_1_3' title="bbox 170 572 1710 678; baseline 0.001 -21"><span class='ocrx_word' id='word_1_12' title='bbox 170 581 184 657; x_wconf 90' lang='lat' dir='ltr'><strong>i</strong></span> <span class='ocrx_word' id='word_1_13' title='bbox 233 582 287 657; x_wconf 89' lang='lat' dir='ltr'><strong>ius</strong></span> <span class='ocrx_word' id='word_1_14' title='bbox 319 577 408 654; x_wconf 89' lang='lat' dir='ltr'><strong>iuris</strong></span> <span class='ocrx_word' id='word_1_15' title='bbox 439 591 562 668; x_wconf 82' lang='lat' dir='ltr'><strong>eraut,</strong></span> <span class='ocrx_word' id='word_1_16' title='bbox 599 601 670 676; x_wconf 91' lang='lat' dir='ltr'><strong>pro</strong></span> <span class='ocrx_word' id='word_1_17' title='bbox 698 602 769 650; x_wconf 90' lang='lat' dir='ltr'><strong>suo</strong></span> <span class='ocrx_word' id='word_1_18' title='bbox 797 573 1003 649; x_wconf 87' lang='lat' dir='ltr'><strong>commissu</strong></span> <span class='ocrx_word' id='word_1_19' title='bbox 1027 572 1227 650; x_wconf 84' lang='lat' dir='ltr'><strong>iudicatam</strong></span> <span class='ocrx_word' id='word_1_20' title='bbox 1257 578 1306 651; x_wconf 92' lang='lat' dir='ltr'><strong>ad</strong></span> <span class='ocrx_word' id='word_1_21' title='bbox 1330 575 1541 654; x_wconf 72' lang='lat' dir='ltr'><strong>Ecclesiam</strong></span> <span class='ocrx_word' id='word_1_22' title='bbox 1567 593 1710 678; x_wconf 71' lang='lat' dir='ltr'><strong>sance</strong></span> 
     </span>
     <span class='ocr_line' id='line_1_4' title="bbox 11 608 1689 780; baseline -0.002 -25"><span class='ocrx_word' id='word_1_23' title='bbox 11 756 13 762; x_wconf 81' lang='grc'><strong>,</strong></span> <span class='ocrx_word' id='word_1_24' title='bbox 153 608 406 756; x_wconf 65' lang='lat' dir='ltr'><strong>‘&#39;iiiimerami</strong></span> <span class='ocrx_word' id='word_1_25' title='bbox 430 672 601 778; x_wconf 78' lang='lat' dir='ltr'><strong>martyris</strong></span> <span class='ocrx_word' id='word_1_26' title='bbox 621 687 738 773; x_wconf 87' lang='lat' dir='ltr'><strong>atque</strong></span> <span class='ocrx_word' id='word_1_27' title='bbox 762 668 974 774; x_wconf 88' lang='lat' dir='ltr'><strong>pontificis,</strong></span> <span class='ocrx_word' id='word_1_28' title='bbox 1007 695 1116 771; x_wconf 78' lang='lat' dir='ltr'><strong>quae·</strong></span> <span class='ocrx_word' id='word_1_29' title='bbox 1134 671 1410 772; x_wconf 86' lang='lat' dir='ltr'><strong>eius·corp01is</strong></span> <span class='ocrx_word' id='word_1_30' title='bbox 1435 675 1526 773; x_wconf 87' lang='lat' dir='ltr'><strong>almi</strong></span> <span class='ocrx_word' id='word_1_31' title='bbox 1548 677 1689 780; x_wconf 79' lang='lat' dir='ltr'><strong>pignus</strong></span> 
     </span>
     <span class='ocr_line' id='line_1_5' title="bbox 55 768 1687 873; baseline -0.002 -19"><span class='ocrx_word' id='word_1_32' title='bbox 55 783 58 788; x_wconf 83' lang='grc'>’</span> <span class='ocrx_word' id='word_1_33' title='bbox 100 775 109 791; x_wconf 64' lang='grc'><strong>“</strong></span> <span class='ocrx_word' id='word_1_34' title='bbox 168 777 393 868; x_wconf 81' lang='lat' dir='ltr'><strong>veneratur,</strong></span> <span class='ocrx_word' id='word_1_35' title='bbox 423 799 494 873; x_wconf 92' lang='lat' dir='ltr'><strong>pro</strong></span> <span class='ocrx_word' id='word_1_36' title='bbox 520 772 706 870; x_wconf 78' lang='lat' dir='ltr'><strong>remedio.</strong></span> <span class='ocrx_word' id='word_1_37' title='bbox 724 769 872 845; x_wconf 86' lang='lat' dir='ltr'><strong>animae</strong></span> <span class='ocrx_word' id='word_1_38' title='bbox 896 768 1187 868; x_wconf 82' lang='lat' dir='ltr'><strong>praememorati</strong></span> <span class='ocrx_word' id='word_1_39' title='bbox 1216 770 1426 862; x_wconf 88' lang='lat' dir='ltr'><strong>Diotmari,</strong></span> <span class='ocrx_word' id='word_1_40' title='bbox 1462 773 1687 858; x_wconf 67' lang='lat' dir='ltr'><strong>adiiciunt</strong></span> 
     </span>
     <span class='ocr_line' id='line_1_6' title="bbox 11 865 1761 969; baseline 0.002 -20"><span class='ocrx_word' id='word_1_41' title='bbox 11 953 16 960; x_wconf 71' lang='grc'><strong>,</strong></span> <span class='ocrx_word' id='word_1_42' title='bbox 169 873 316 950; x_wconf 88' lang='lat' dir='ltr'><strong>scilicet</strong></span> <span class='ocrx_word' id='word_1_43' title='bbox 342 871 630 962; x_wconf 86' lang='lat' dir='ltr'><strong>monachorum,</strong></span> <span class='ocrx_word' id='word_1_44' title='bbox 655 866 722 969; x_wconf 90' lang='lat' dir='ltr'><strong>qui</strong></span> <span class='ocrx_word' id='word_1_45' title='bbox 745 865 889 942; x_wconf 86' lang='lat' dir='ltr'><strong>ibidem</strong></span> <span class='ocrx_word' id='word_1_46' title='bbox 914 867 1002 943; x_wconf 87' lang='lat' dir='ltr'><strong>Deo</strong></span> <span class='ocrx_word' id='word_1_47' title='bbox 1024 877 1233 967; x_wconf 88' lang='lat' dir='ltr'><strong>sanctoque</strong></span> <span class='ocrx_word' id='word_1_48' title='bbox 1256 868 1566 946; x_wconf 74' lang='lat' dir='ltr'><strong>Emmeramoin</strong></span> <span class='ocrx_word' id='word_1_49' title='bbox 1592 872 1685 952; x_wconf 84' lang='lat' dir='ltr'><strong>divi·</strong></span> <span class='ocrx_word' id='word_1_50' title='bbox 1754 871 1761 898; x_wconf 78' lang='lat'><strong><em>¹</em></strong></span> 
     </span>
     <span class='ocr_line' id='line_1_7' title="bbox 104 963 1767 1068; baseline -0.001 -18"><span class='ocrx_word' id='word_1_51' title='bbox 104 973 108 976; x_wconf 74' lang='grc'><strong>’</strong></span> <span class='ocrx_word' id='word_1_52' title='bbox 168 981 229 1050; x_wconf 80' lang='lat' dir='ltr'><strong>nis</strong></span> <span class='ocrx_word' id='word_1_53' title='bbox 248 966 392 1061; x_wconf 88' lang='lat' dir='ltr'><strong>officiis,</strong></span> <span class='ocrx_word' id='word_1_54' title='bbox 417 981 458 1043; x_wconf 88' lang='lat' dir='ltr'><strong>et</strong></span> <span class='ocrx_word' id='word_1_55' title='bbox 481 963 663 1068; x_wconf 76' lang='lat' dir='ltr'>operibus</span> <span class='ocrx_word' id='word_1_56' title='bbox 682 964 804 1056; x_wconf 82' lang='lat' dir='ltr'><strong>lionis,</strong></span> <span class='ocrx_word' id='word_1_57' title='bbox 830 977 870 1040; x_wconf 88' lang='lat' dir='ltr'><strong>et</strong></span> <span class='ocrx_word' id='word_1_58' title='bbox 891 982 1106 1040; x_wconf 82' lang='lat' dir='ltr'><strong>sanctarum</strong></span> <span class='ocrx_word' id='word_1_59' title='bbox 1124 964 1395 1066; x_wconf 85' lang='lat' dir='ltr'><strong>scripturarum</strong></span> <span class='ocrx_word' id='word_1_60' title='bbox 1416 969 1547 1042; x_wconf 88' lang='lat' dir='ltr'><strong>studiis</strong></span> <span class='ocrx_word' id='word_1_61' title='bbox 1570 971 1707 1048; x_wconf 63' lang='lat' dir='ltr'><strong>devm</strong></span> <span class='ocrx_word' id='word_1_62' title='bbox 1765 979 1767 986; x_wconf 57' lang='lat'><strong><em>⁴</em></strong></span> 
     </span>
     <span class='ocr_line' id='line_1_8' title="bbox 61 1061 1685 1167; baseline 0.001 -22"><span class='ocrx_word' id='word_1_63' title='bbox 61 1101 79 1154; x_wconf 54' lang='grc' dir='ltr'>Δ</span> <span class='ocrx_word' id='word_1_64' title='bbox 167 1067 312 1148; x_wconf 77' lang='lat' dir='ltr'><strong>tissime</strong></span> <span class='ocrx_word' id='word_1_65' title='bbox 332 1063 517 1156; x_wconf 76' lang='lat' dir='ltr'><strong>serviunt,</strong></span> <span class='ocrx_word' id='word_1_66' title='bbox 537 1066 722 1143; x_wconf 84' lang='lat' dir='ltr'><strong>donamus</strong></span> <span class='ocrx_word' id='word_1_67' title='bbox 741 1077 859 1162; x_wconf 87' lang='lat' dir='ltr'><strong>atque</strong></span> <span class='ocrx_word' id='word_1_68' title='bbox 880 1061 1062 1136; x_wconf 78' lang='lat' dir='ltr'><strong>tradimus</strong></span> <span class='ocrx_word' id='word_1_69' title='bbox 1080 1089 1169 1137; x_wconf 90' lang='lat' dir='ltr'><strong>cum</strong></span> <span class='ocrx_word' id='word_1_70' title='bbox 1188 1063 1365 1139; x_wconf 89' lang='lat' dir='ltr'><strong>omnibus</strong></span> <span class='ocrx_word' id='word_1_71' title='bbox 1383 1067 1431 1139; x_wconf 92' lang='lat' dir='ltr'><strong>ad</strong></span> <span class='ocrx_word' id='word_1_72' title='bbox 1452 1068 1685 1167; x_wconf 80' lang='lat' dir='ltr'><strong>praedictam</strong></span> 
     </span>
     <span class='ocr_line' id='line_1_9' title="bbox 168 1159 1684 1266; baseline -0.001 -24"><span class='ocrx_word' id='word_1_73' title='bbox 168 1165 346 1266; x_wconf 77' lang='lat' dir='ltr'><strong>scriptam</strong></span> <span class='ocrx_word' id='word_1_74' title='bbox 369 1161 644 1246; x_wconf 82' lang='lat' dir='ltr'><strong>haereditatem</strong></span> <span class='ocrx_word' id='word_1_75' title='bbox 675 1174 715 1236; x_wconf 90' lang='lat' dir='ltr'><strong>in</strong></span> <span class='ocrx_word' id='word_1_76' title='bbox 737 1165 825 1244; x_wconf 78' lang='lat' dir='ltr'><strong>loeo</strong></span> <span class='ocrx_word' id='word_1_77' title='bbox 857 1159 1151 1263; x_wconf 86' lang='lat' dir='ltr'><strong>Prienperch</strong></span> <span class='ocrx_word' id='word_1_78' title='bbox 1179 1163 1460 1262; x_wconf 79' lang='lat' dir='ltr'><strong>pertinentibus</strong></span> <span class='ocrx_word' id='word_1_79' title='bbox 1488 1159 1684 1262; x_wconf 84' lang='lat' dir='ltr'><strong>aedificiis,</strong></span> 
     </span>
     <span class='ocr_line' id='line_1_10' title="bbox 168 1258 1683 1371; baseline 0.001 -33"><span class='ocrx_word' id='word_1_80' title='bbox 168 1260 379 1362; x_wconf 75' lang='lat' dir='ltr'><strong>mancipiis,</strong></span> <span class='ocrx_word' id='word_1_81' title='bbox 404 1267 512 1335; x_wconf 87' lang='lat' dir='ltr'><strong>terris</strong></span> <span class='ocrx_word' id='word_1_82' title='bbox 535 1259 646 1335; x_wconf 87' lang='lat' dir='ltr'><strong>cultis</strong></span> <span class='ocrx_word' id='word_1_83' title='bbox 671 1271 712 1336; x_wconf 89' lang='lat' dir='ltr'><strong>et</strong></span> <span class='ocrx_word' id='word_1_84' title='bbox 732 1261 893 1354; x_wconf 80' lang='lat' dir='ltr'><strong>incultis,</strong></span> <span class='ocrx_word' id='word_1_85' title='bbox 918 1271 1027 1356; x_wconf 83' lang='lat' dir='ltr'><strong>agris,</strong></span> <span class='ocrx_word' id='word_1_86' title='bbox 1063 1258 1215 1358; x_wconf 88' lang='lat' dir='ltr'><strong>campis,</strong></span> <span class='ocrx_word' id='word_1_87' title='bbox 1239 1260 1367 1371; x_wconf 88' lang='lat' dir='ltr'><strong>pratis,</strong></span> <span class='ocrx_word' id='word_1_88' title='bbox 1417 1265 1546 1354; x_wconf 76' lang='lat' dir='ltr'><strong>ascuii,</strong></span> <span class='ocrx_word' id='word_1_89' title='bbox 1571 1263 1683 1360; x_wconf 79' lang='lat' dir='ltr'><strong>silvis,</strong></span> 
     </span>
     <span class='ocr_line' id='line_1_11' title="bbox 65 1286 1683 1469; baseline 0.002 -36"><span class='ocrx_word' id='word_1_90' title='bbox 65 1405 69 1411; x_wconf 83' lang='lat'>·</span> <span class='ocrx_word' id='word_1_91' title='bbox 165 1358 274 1468; x_wconf 77' lang='lat' dir='ltr'><strong>aquis</strong></span> <span class='ocrx_word' id='word_1_92' title='bbox 295 1381 525 1460; x_wconf 82' lang='lat' dir='ltr'><strong>aquarumve</strong></span> <span class='ocrx_word' id='word_1_93' title='bbox 552 1355 787 1448; x_wconf 83' lang='lat' dir='ltr'><strong>decursibus,</strong></span> <span class='ocrx_word' id='word_1_94' title='bbox 823 1356 1055 1453; x_wconf 72' lang='lat' dir='ltr'><strong>molendinis</strong></span> <span class='ocrx_word' id='word_1_95' title='bbox 1078 1355 1368 1469; x_wconf 79' lang='lat' dir='ltr'><strong>molendinique</strong></span> <span class='ocrx_word' id='word_1_96' title='bbox 1390 1286 1502 1450; x_wconf 77' lang='lat' dir='ltr'><strong>iocis,</strong></span> <span class='ocrx_word' id='word_1_97' title='bbox 1534 1362 1683 1436; x_wconf 73' lang='lat' dir='ltr'><strong>mobili</strong></span> 
     </span>
     <span class='ocr_line' id='line_1_12' title="bbox 167 1451 1682 1554; baseline 0.001 -21"><span class='ocrx_word' id='word_1_98' title='bbox 167 1455 241 1534; x_wconf 86' lang='lat' dir='ltr'><strong>bus</strong></span> <span class='ocrx_word' id='word_1_99' title='bbox 263 1475 302 1532; x_wconf 88' lang='lat' dir='ltr'><strong>et</strong></span> <span class='ocrx_word' id='word_1_100' title='bbox 318 1454 591 1544; x_wconf 84' lang='lat' dir='ltr'><strong>immobilibus,</strong></span> <span class='ocrx_word' id='word_1_101' title='bbox 613 1453 793 1554; x_wconf 88' lang='lat' dir='ltr'><strong>praediis,</strong></span> <span class='ocrx_word' id='word_1_102' title='bbox 807 1451 997 1553; x_wconf 79' lang='lat' dir='ltr'><strong>peculiis,</strong></span> <span class='ocrx_word' id='word_1_103' title='bbox 1023 1451 1245 1554; x_wconf 83' lang='lat' dir='ltr'><strong>pecoribus,</strong></span> <span class='ocrx_word' id='word_1_104' title='bbox 1270 1455 1340 1530; x_wconf 81' lang='lat' dir='ltr'><strong>vtis</strong></span> <span class='ocrx_word' id='word_1_105' title='bbox 1356 1475 1401 1546; x_wconf 71' lang='lat' dir='ltr'><strong>et</strong></span> <span class='ocrx_word' id='word_1_106' title='bbox 1421 1454 1550 1548; x_wconf 81' lang='lat' dir='ltr'><strong>inviis,</strong></span> <span class='ocrx_word' id='word_1_107' title='bbox 1575 1457 1682 1535; x_wconf 80' lang='lat' dir='ltr'><strong>exiti-</strong></span> 
     </span>
     <span class='ocr_line' id='line_1_13' title="bbox 166 1548 1682 1664; baseline 0.003 -34"><span class='ocrx_word' id='word_1_108' title='bbox 166 1550 291 1630; x_wconf 80' lang='lat' dir='ltr'><strong>bussi</strong></span> <span class='ocrx_word' id='word_1_109' title='bbox 305 1552 497 1645; x_wconf 86' lang='lat' dir='ltr'><strong>reditibus,</strong></span> <span class='ocrx_word' id='word_1_110' title='bbox 522 1551 698 1664; x_wconf 75' lang='lat' dir='ltr'><strong>quaesitis</strong></span> <span class='ocrx_word' id='word_1_111' title='bbox 718 1563 759 1627; x_wconf 90' lang='lat' dir='ltr'><strong>et</strong></span> <span class='ocrx_word' id='word_1_112' title='bbox 778 1549 1025 1663; x_wconf 79' lang='lat' dir='ltr'><strong>inquirendis,</strong></span> <span class='ocrx_word' id='word_1_113' title='bbox 1047 1548 1239 1652; x_wconf 84' lang='lat' dir='ltr'><strong>quidquid</strong></span> <span class='ocrx_word' id='word_1_114' title='bbox 1258 1549 1300 1626; x_wconf 91' lang='lat' dir='ltr'><strong>in</strong></span> <span class='ocrx_word' id='word_1_115' title='bbox 1316 1549 1500 1650; x_wconf 80' lang='lat' dir='ltr'><strong>ipso&#39;loco</strong></span> <span class='ocrx_word' id='word_1_116' title='bbox 1526 1556 1682 1636; x_wconf 83' lang='lat' dir='ltr'><strong>Prien·</strong></span> 
     </span>
    </p>

    <p class='ocr_par' dir='ltr' id='par_1_3' title="bbox 110 1647 1791 2138">
     <span class='ocr_line' id='line_1_14' title="bbox 110 1647 1745 1754; baseline -0.001 -28"><span class='ocrx_word' id='word_1_117' title='bbox 110 1721 114 1726; x_wconf 89' lang='lat'>.</span> <span class='ocrx_word' id='word_1_118' title='bbox 166 1652 316 1754; x_wconf 79' lang='lat' dir='ltr'><strong>perch</strong></span> <span class='ocrx_word' id='word_1_119' title='bbox 347 1647 625 1750; x_wconf 76' lang='lat' dir='ltr'><strong>praenominati</strong></span> <span class='ocrx_word' id='word_1_120' title='bbox 641 1647 842 1722; x_wconf 88' lang='lat' dir='ltr'><strong>Dioiman</strong></span> <span class='ocrx_word' id='word_1_121' title='bbox 867 1647 1068 1724; x_wconf 86' lang='lat' dir='ltr'><strong>videbatur</strong></span> <span class='ocrx_word' id='word_1_122' title='bbox 1096 1671 1175 1724; x_wconf 86' lang='lat' dir='ltr'><strong>esse</strong></span> <span class='ocrx_word' id='word_1_123' title='bbox 1206 1649 1449 1751; x_wconf 85' lang='lat' dir='ltr'><strong>possessionis</strong></span> <span class='ocrx_word' id='word_1_124' title='bbox 1476 1654 1548 1728; x_wconf 79' lang='lat' dir='ltr'><strong>vel·</strong></span> <span class='ocrx_word' id='word_1_125' title='bbox 1562 1653 1683 1740; x_wconf 73' lang='lat' dir='ltr'><strong>domi-</strong></span> <span class='ocrx_word' id='word_1_126' title='bbox 1740 1717 1745 1724; x_wconf 83' lang='lat'>.</span> 
     </span>
     <span class='ocr_line' id='line_1_15' title="bbox 165 1747 1682 1845; baseline 0.001 -19"><span class='ocrx_word' id='word_1_127' title='bbox 165 1759 347 1840; x_wconf 86' lang='lat' dir='ltr'><strong>nationis,</strong></span> <span class='ocrx_word' id='word_1_128' title='bbox 378 1775 401 1822; x_wconf 90' lang='lat' dir='ltr'><strong>a</strong></span> <span class='ocrx_word' id='word_1_129' title='bbox 427 1747 490 1822; x_wconf 89' lang='lat' dir='ltr'><strong>die</strong></span> <span class='ocrx_word' id='word_1_130' title='bbox 511 1764 708 1845; x_wconf 87' lang='lat' dir='ltr'><strong>praesente</strong></span> <span class='ocrx_word' id='word_1_131' title='bbox 735 1747 918 1819; x_wconf 87' lang='lat' dir='ltr'><strong>donamus</strong></span> <span class='ocrx_word' id='word_1_132' title='bbox 949 1757 989 1821; x_wconf 89' lang='lat' dir='ltr'><strong>et</strong></span> <span class='ocrx_word' id='word_1_133' title='bbox 1016 1747 1195 1820; x_wconf 87' lang='lat' dir='ltr'><strong>tradimus</strong></span> <span class='ocrx_word' id='word_1_134' title='bbox 1221 1747 1275 1822; x_wconf 87' lang='lat' dir='ltr'><strong>ad</strong></span> <span class='ocrx_word' id='word_1_135' title='bbox 1292 1763 1464 1822; x_wconf 90' lang='lat' dir='ltr'><strong>sanctum</strong></span> <span class='ocrx_word' id='word_1_136' title='bbox 1486 1749 1682 1829; x_wconf 72' lang='lat' dir='ltr'><strong>Emmau-</strong></span> 
     </span>
     <span class='ocr_line' id='line_1_16' title="bbox 166 1838 1683 1950; baseline 0.003 -30"><span class='ocrx_word' id='word_1_137' title='bbox 166 1873 284 1938; x_wconf 82' lang='lat' dir='ltr'><strong>mmn,</strong></span> <span class='ocrx_word' id='word_1_138' title='bbox 306 1867 354 1942; x_wconf 83' lang='lat' dir='ltr'><strong>ep</strong></span> <span class='ocrx_word' id='word_1_139' title='bbox 370 1843 516 1918; x_wconf 82' lang='lat' dir='ltr'><strong>scilicet</strong></span> <span class='ocrx_word' id='word_1_140' title='bbox 535 1838 648 1944; x_wconf 84' lang='lat' dir='ltr'><strong>pacto</strong></span> <span class='ocrx_word' id='word_1_141' title='bbox 670 1859 710 1924; x_wconf 81' lang='lat' dir='ltr'><strong>et</strong></span> <span class='ocrx_word' id='word_1_142' title='bbox 727 1850 880 1934; x_wconf 77' lang='lat' dir='ltr'><strong>tenore,</strong></span> <span class='ocrx_word' id='word_1_143' title='bbox 905 1853 948 1916; x_wconf 87' lang='lat' dir='ltr'><strong>ut</strong></span> <span class='ocrx_word' id='word_1_144' title='bbox 969 1841 1011 1916; x_wconf 93' lang='lat' dir='ltr'><strong>in</strong></span> <span class='ocrx_word' id='word_1_145' title='bbox 1032 1842 1098 1918; x_wconf 87' lang='lat' dir='ltr'><strong>tali</strong></span> <span class='ocrx_word' id='word_1_146' title='bbox 1122 1841 1415 1944; x_wconf 81' lang='lat' dir='ltr'><strong>bannotalique</strong></span> <span class='ocrx_word' id='word_1_147' title='bbox 1435 1843 1576 1921; x_wconf 87' lang='lat' dir='ltr'><strong>iustitia</strong></span> <span class='ocrx_word' id='word_1_148' title='bbox 1596 1863 1683 1950; x_wconf 80' lang='lat' dir='ltr'><strong>pto·</strong></span> 
     </span>
     <span class='ocr_line' id='line_1_17' title="bbox 166 1937 1685 2044; baseline 0.001 -24"><span class='ocrx_word' id='word_1_149' title='bbox 166 1955 271 2020; x_wconf 86' lang='lat' dir='ltr'><strong>tecta</strong></span> <span class='ocrx_word' id='word_1_150' title='bbox 292 1968 337 2016; x_wconf 88' lang='lat' dir='ltr'><strong>ac</strong></span> <span class='ocrx_word' id='word_1_151' title='bbox 356 1949 607 2040; x_wconf 86' lang='lat' dir='ltr'><strong>patrocinata,</strong></span> <span class='ocrx_word' id='word_1_152' title='bbox 632 1937 690 2016; x_wconf 92' lang='lat' dir='ltr'><strong>uti</strong></span> <span class='ocrx_word' id='word_1_153' title='bbox 711 1953 883 2015; x_wconf 89' lang='lat' dir='ltr'><strong>caeterae</strong></span> <span class='ocrx_word' id='word_1_154' title='bbox 903 1963 964 2016; x_wconf 88' lang='lat' dir='ltr'><strong>res</strong></span> <span class='ocrx_word' id='word_1_155' title='bbox 988 1940 1037 2015; x_wconf 87' lang='lat' dir='ltr'><strong>ad</strong></span> <span class='ocrx_word' id='word_1_156' title='bbox 1059 1959 1230 2015; x_wconf 89' lang='lat' dir='ltr'><strong>sanctum</strong></span> <span class='ocrx_word' id='word_1_157' title='bbox 1251 1941 1538 2018; x_wconf 85' lang='lat' dir='ltr'><strong>Emmeramum</strong></span> <span class='ocrx_word' id='word_1_158' title='bbox 1564 1957 1685 2044; x_wconf 83' lang='lat' dir='ltr'><strong>perti·</strong></span> 
     </span>
     <span class='ocr_line' id='line_1_18' title="bbox 169 2034 1791 2138; baseline 0 -20"><span class='ocrx_word' id='word_1_159' title='bbox 169 2052 319 2130; x_wconf 86' lang='lat' dir='ltr'><strong>nentes,</strong></span> <span class='ocrx_word' id='word_1_160' title='bbox 343 2049 603 2137; x_wconf 86' lang='lat' dir='ltr'><strong>permaneant.</strong></span> <span class='ocrx_word' id='word_1_161' title='bbox 661 2034 713 2111; x_wconf 84' lang='lat' dir='ltr'><strong>Et</strong></span> <span class='ocrx_word' id='word_1_162' title='bbox 734 2049 777 2112; x_wconf 91' lang='lat' dir='ltr'><strong>ut</strong></span> <span class='ocrx_word' id='word_1_163' title='bbox 797 2038 893 2114; x_wconf 84' lang='lat' dir='ltr'><strong>haec</strong></span> <span class='ocrx_word' id='word_1_164' title='bbox 913 2051 1063 2112; x_wconf 85' lang='lat' dir='ltr'><strong>nostrae</strong></span> <span class='ocrx_word' id='word_1_165' title='bbox 1084 2035 1302 2112; x_wconf 86' lang='lat' dir='ltr'><strong>donationis</strong></span> <span class='ocrx_word' id='word_1_166' title='bbox 1326 2057 1442 2138; x_wconf 87' lang='lat' dir='ltr'><strong>atque</strong></span> <span class='ocrx_word' id='word_1_167' title='bbox 1466 2041 1701 2118; x_wconf 81' lang='lat' dir='ltr'><strong>traditionis.</strong></span> <span class='ocrx_word' id='word_1_168' title='bbox 1789 2047 1791 2052; x_wconf 83' lang='grc'><strong>’</strong></span> 
     </span>
    </p>

    <p class='ocr_par' dir='ltr' id='par_1_4' title="bbox 45 2131 1806 2332">
     <span class='ocr_line' id='line_1_19' title="bbox 45 2131 1740 2242; baseline 0.002 -31"><span class='ocrx_word' id='word_1_169' title='bbox 45 2150 54 2165; x_wconf 70' lang='grc'><strong>“</strong></span> <span class='ocrx_word' id='word_1_170' title='bbox 167 2135 370 2212; x_wconf 87' lang='lat' dir='ltr'><strong>auctoritas</strong></span> <span class='ocrx_word' id='word_1_171' title='bbox 404 2159 475 2236; x_wconf 90' lang='lat' dir='ltr'><strong>per</strong></span> <span class='ocrx_word' id='word_1_172' title='bbox 505 2133 749 2226; x_wconf 82' lang='lat' dir='ltr'><strong>succedentia</strong></span> <span class='ocrx_word' id='word_1_173' title='bbox 776 2145 954 2234; x_wconf 88' lang='lat' dir='ltr'><strong>tempora</strong></span> <span class='ocrx_word' id='word_1_174' title='bbox 984 2131 1092 2208; x_wconf 87' lang='lat' dir='ltr'><strong>firma</strong></span> <span class='ocrx_word' id='word_1_175' title='bbox 1122 2153 1161 2222; x_wconf 85' lang='lat' dir='ltr'><strong>et</strong></span> <span class='ocrx_word' id='word_1_176' title='bbox 1195 2139 1415 2210; x_wconf 89' lang='lat' dir='ltr'><strong>inconvulsa</strong></span> <span class='ocrx_word' id='word_1_177' title='bbox 1448 2151 1680 2238; x_wconf 77' lang='lat' dir='ltr'><strong>permaneat,</strong></span> <span class='ocrx_word' id='word_1_178' title='bbox 1726 2229 1740 2242; x_wconf 26' lang='grc' dir='ltr'>ἱ</span> 
     </span>
     <span class='ocr_line' id='line_1_20' title="bbox 96 2230 1806 2332; baseline 0.002 -24"><span class='ocrx_word' id='word_1_179' title='bbox 96 2287 99 2294; x_wconf 66' lang='grc'><strong><em>«</em></strong></span> <span class='ocrx_word' id='word_1_180' title='bbox 164 2231 341 2314; x_wconf 87' lang='lat' dir='ltr'><strong>iussimus</strong></span> <span class='ocrx_word' id='word_1_181' title='bbox 358 2234 452 2310; x_wconf 80' lang='lat' dir='ltr'><strong>inde</strong></span> <span class='ocrx_word' id='word_1_182' title='bbox 472 2233 548 2308; x_wconf 91' lang='lat' dir='ltr'><strong>hoc</strong></span> <span class='ocrx_word' id='word_1_183' title='bbox 568 2256 743 2332; x_wconf 87' lang='lat' dir='ltr'><strong>praesens</strong></span> <span class='ocrx_word' id='word_1_184' title='bbox 767 2244 1013 2331; x_wconf 87' lang='lat' dir='ltr'><strong>praeceptum</strong></span> <span class='ocrx_word' id='word_1_185' title='bbox 1036 2230 1224 2307; x_wconf 89' lang='lat' dir='ltr'><strong>conscribi</strong></span> <span class='ocrx_word' id='word_1_186' title='bbox 1255 2253 1294 2308; x_wconf 89' lang='lat' dir='ltr'><strong>et</strong></span> <span class='ocrx_word' id='word_1_187' title='bbox 1313 2232 1446 2312; x_wconf 88' lang='lat' dir='ltr'><strong>annuli</strong></span> <span class='ocrx_word' id='word_1_188' title='bbox 1470 2236 1592 2314; x_wconf 81' lang='lat' dir='ltr'><strong>nostri</strong></span> <span class='ocrx_word' id='word_1_189' title='bbox 1612 2247 1682 2312; x_wconf 88' lang='lat' dir='ltr'><strong>im·</strong></span> <span class='ocrx_word' id='word_1_190' title='bbox 1802 2278 1806 2284; x_wconf 85' lang='lat'><em>.</em></span> 
     </span>
    </p>
   </div>
   <div class='ocr_carea' id='block_1_3' title="bbox 73 2321 1711 2806">
    <p class='ocr_par' dir='ltr' id='par_1_5' title="bbox 73 2321 1711 2806">
     <span class='ocr_line' id='line_1_21' title="bbox 99 2321 1410 2460; baseline 0.002 -55"><span class='ocrx_word' id='word_1_191' title='bbox 99 2433 103 2438; x_wconf 15' lang='lat'>⁵</span> <span class='ocrx_word' id='word_1_192' title='bbox 155 2321 362 2435; x_wconf 81' lang='lat' dir='ltr'><strong>pressione</strong></span> <span class='ocrx_word' id='word_1_193' title='bbox 376 2329 546 2460; x_wconf 58' lang='lat' dir='ltr'><strong>pigilltui,</strong></span> <span class='ocrx_word' id='word_1_194' title='bbox 563 2354 757 2432; x_wconf 89' lang='lat' dir='ltr'><strong>manuque</strong></span> <span class='ocrx_word' id='word_1_195' title='bbox 777 2342 1074 2440; x_wconf 83' lang='lat' dir='ltr'><strong>nostrapropria</strong></span> <span class='ocrx_word' id='word_1_196' title='bbox 1096 2328 1410 2417; x_wconf 79' lang='lat' dir='ltr'><strong>confirmavimus.</strong></span> 
     </span>
     <span class='ocr_line' id='line_1_22' title="bbox 160 2451 1711 2624; baseline 0.014 -49"><span class='ocrx_word' id='word_1_197' title='bbox 160 2537 165 2554; x_wconf 92' lang='lat'><strong>·</strong></span> <span class='ocrx_word' id='word_1_198' title='bbox 264 2524 280 2548; x_wconf 58' lang='lat' dir='ltr'><strong>t</strong></span> <span class='ocrx_word' id='word_1_199' title='bbox 321 2505 496 2608; x_wconf 78' lang='lat' dir='ltr'><strong>Signum</strong></span> <span class='ocrx_word' id='word_1_200' title='bbox 516 2451 675 2582; x_wconf 79' lang='lat' dir='ltr'><strong>Domni</strong></span> <span class='ocrx_word' id='word_1_201' title='bbox 692 2507 857 2584; x_wconf 80' lang='lat' dir='ltr'><strong>octonis</strong></span> <span class='ocrx_word' id='word_1_202' title='bbox 877 2497 1281 2609; x_wconf 66' lang='lat' dir='ltr'><strong>Samnissimi&#39;Re&#39;pis.</strong></span> <span class='ocrx_word' id='word_1_203' title='bbox 1310 2509 1678 2624; x_wconf 73' lang='lat' dir='ltr'><strong>(Monogrommn.)</strong></span> <span class='ocrx_word' id='word_1_204' title='bbox 1706 2587 1711 2596; x_wconf 83' lang='lat'>.</span> 
     </span>
     <span class='ocr_line' id='line_1_23' title="bbox 73 2635 1677 2806; baseline 0.009 -51"><span class='ocrx_word' id='word_1_205' title='bbox 73 2710 76 2716; x_wconf 59' lang='grc'>’</span> <span class='ocrx_word' id='word_1_206' title='bbox 196 2745 200 2752; x_wconf 90' lang='grc'>.</span> <span class='ocrx_word' id='word_1_207' title='bbox 249 2635 439 2773; x_wconf 73' lang='lat' dir='ltr'><strong>Luitollirs</strong></span> <span class='ocrx_word' id='word_1_208' title='bbox 455 2641 709 2766; x_wconf 79' lang='lat' dir='ltr'><strong>Cdncellarius</strong></span> <span class='ocrx_word' id='word_1_209' title='bbox 728 2687 776 2762; x_wconf 90' lang='lat' dir='ltr'><strong>ad</strong></span> <span class='ocrx_word' id='word_1_210' title='bbox 792 2685 918 2766; x_wconf 86' lang='lat' dir='ltr'><strong>vicem</strong></span> <span class='ocrx_word' id='word_1_211' title='bbox 931 2683 1124 2800; x_wconf 85' lang='lat' dir='ltr'><strong>Brononis</strong></span> <span class='ocrx_word' id='word_1_212' title='bbox 1138 2685 1442 2806; x_wconf 83' lang='lat' dir='ltr'><strong>Archicapellani</strong></span> <span class='ocrx_word' id='word_1_213' title='bbox 1458 2681 1677 2790; x_wconf 70' lang='lat' dir='ltr'><strong>recogitari.</strong></span> 
     </span>
    </p>
   </div>
   <div class='ocr_carea' id='block_1_4' title="bbox 46 2834 1772 3178">
    <p class='ocr_par' dir='ltr' id='par_1_6' title="bbox 46 2834 1772 3178">
     <span class='ocr_line' id='line_1_24' title="bbox 127 2834 1772 2956; baseline 0.005 -19"><span class='ocrx_word' id='word_1_214' title='bbox 127 2917 133 2925; x_wconf 82' lang='lat'><em>-</em></span> <span class='ocrx_word' id='word_1_215' title='bbox 265 2863 363 2938; x_wconf 90' lang='lat' dir='ltr'><strong>Data</strong></span> <span class='ocrx_word' id='word_1_216' title='bbox 381 2863 426 2938; x_wconf 91' lang='grc' dir='ltr'><strong>Π.</strong></span> <span class='ocrx_word' id='word_1_217' title='bbox 462 2834 593 2945; x_wconf 83' lang='lat' dir='ltr'><strong>Nonas</strong></span> <span class='ocrx_word' id='word_1_218' title='bbox 613 2851 820 2956; x_wconf 80' lang='lat' dir='ltr'><strong>Febntarii,</strong></span> <span class='ocrx_word' id='word_1_219' title='bbox 844 2889 945 2952; x_wconf 87' lang='lat' dir='ltr'><strong>anno</strong></span> <span class='ocrx_word' id='word_1_220' title='bbox 969 2849 1237 2942; x_wconf 83' lang='lat' dir='ltr'><strong>incarnationis</strong></span> <span class='ocrx_word' id='word_1_221' title='bbox 1259 2863 1418 2942; x_wconf 91' lang='lat' dir='ltr'><strong>Domini</strong></span> <span class='ocrx_word' id='word_1_222' title='bbox 1442 2837 1562 2943; x_wconf 74' lang='lat' dir='ltr'><strong>nostri</strong></span> <span class='ocrx_word' id='word_1_223' title='bbox 1584 2867 1679 2946; x_wconf 83' lang='lat' dir='ltr'><strong>iesu</strong></span> <span class='ocrx_word' id='word_1_224' title='bbox 1755 2839 1772 2908; x_wconf 23' lang='grc' dir='ltr'><strong>ι·</strong></span> 
     </span>
     <span class='ocr_line' id='line_1_25' title="bbox 46 2957 1679 3074; baseline 0.006 -40"><span class='ocrx_word' id='word_1_225' title='bbox 46 2985 50 2998; x_wconf 91' lang='grc'><strong><em>·</em></strong></span> <span class='ocrx_word' id='word_1_226' title='bbox 165 2957 302 3035; x_wconf 78' lang='lat' dir='ltr'><strong>Christi</strong></span> <span class='ocrx_word' id='word_1_227' title='bbox 321 2957 403 3072; x_wconf 80' lang='lat'><strong>961.</strong></span> <span class='ocrx_word' id='word_1_228' title='bbox 429 2959 639 3037; x_wconf 88' lang='lat' dir='ltr'><strong>indictione</strong></span> <span class='ocrx_word' id='word_1_229' title='bbox 662 2959 731 3039; x_wconf 87' lang='lat' dir='ltr'><strong>tv.</strong></span> <span class='ocrx_word' id='word_1_230' title='bbox 755 2973 939 3056; x_wconf 76' lang='lat' dir='ltr'><strong>regnante</strong></span> <span class='ocrx_word' id='word_1_231' title='bbox 959 2961 1128 3074; x_wconf 80' lang='lat' dir='ltr'><strong>piissimo</strong></span> <span class='ocrx_word' id='word_1_232' title='bbox 1144 2989 1235 3059; x_wconf 85' lang='lat' dir='ltr'><strong>rege</strong></span> <span class='ocrx_word' id='word_1_233' title='bbox 1245 2965 1395 3074; x_wconf 84' lang='lat' dir='ltr'><strong>¹Ottone</strong></span> <span class='ocrx_word' id='word_1_234' title='bbox 1410 2987 1513 3044; x_wconf 85' lang='lat' dir='ltr'><strong>auno</strong></span> <span class='ocrx_word' id='word_1_235' title='bbox 1531 2963 1679 3049; x_wconf 77' lang='lat' dir='ltr'><strong>XXVl.</strong></span> 
     </span>
     <span class='ocr_line' id='line_1_26' title="bbox 168 3055 1580 3178; baseline 0.001 -42"><span class='ocrx_word' id='word_1_236' title='bbox 168 3057 628 3164; x_wconf 73' lang='lat' dir='ltr'><strong>Actumliegsneshurch</strong></span> <span class='ocrx_word' id='word_1_237' title='bbox 641 3067 693 3173; x_wconf 57' lang='lat' dir='ltr'><strong>⁸in</strong></span> <span class='ocrx_word' id='word_1_238' title='bbox 719 3055 858 3134; x_wconf 88' lang='lat' dir='ltr'><strong>Christi</strong></span> <span class='ocrx_word' id='word_1_239' title='bbox 882 3085 1039 3160; x_wconf 81' lang='lat' dir='ltr'><strong>nomme</strong></span> <span class='ocrx_word' id='word_1_240' title='bbox 1063 3059 1228 3136; x_wconf 83' lang='lat' dir='ltr'><strong>feliciter</strong></span> <span class='ocrx_word' id='word_1_241' title='bbox 1252 3085 1390 3178; x_wconf 80' lang='lat' dir='ltr'><strong>amen·</strong></span> <span class='ocrx_word' id='word_1_242' title='bbox 1576 3095 1580 3100; x_wconf 94' lang='lat'><em>·</em></span> 
     </span>
    </p>
   </div>
   <div class='ocr_carea' id='block_1_5' title="bbox 537 3199 1326 3302">
    <p class='ocr_par' dir='ltr' id='par_1_7' title="bbox 537 3199 1326 3302">
     <span class='ocr_line' id='line_1_27' title="bbox 537 3199 1326 3302; baseline 0.008 -40"><span class='ocrx_word' id='word_1_243' title='bbox 537 3199 693 3302; x_wconf 68' lang='lat' dir='ltr'><strong>Sigillum</strong></span> <span class='ocrx_word' id='word_1_244' title='bbox 707 3200 802 3280; x_wconf 53' lang='lat' dir='ltr'><strong>,intus</strong></span> <span class='ocrx_word' id='word_1_245' title='bbox 822 3200 1017 3288; x_wconf 79' lang='lat' dir='ltr'><strong>impressum</strong></span> <span class='ocrx_word' id='word_1_246' title='bbox 1034 3199 1203 3290; x_wconf 79' lang='lat' dir='ltr'><strong>integrum</strong></span> <span class='ocrx_word' id='word_1_247' title='bbox 1223 3211 1326 3268; x_wconf 73' lang='lat' dir='ltr'><strong>extol.</strong></span> 
     </span>
    </p>
   </div>
   <div class='ocr_carea' id='block_1_6' title="bbox 49 3475 1761 3968">
    <p class='ocr_par' dir='ltr' id='par_1_8' title="bbox 49 3475 1761 3968">
     <span class='ocr_line' id='line_1_28' title="bbox 594 3475 1243 3594; baseline 0 -28"><span class='ocrx_word' id='word_1_248' title='bbox 594 3487 839 3569; x_wconf 70' lang='lat' dir='ltr'><strong>Nun-cvi.</strong></span> <span class='ocrx_word' id='word_1_249' title='bbox 886 3487 973 3594; x_wconf 79' lang='lat'><strong>967.</strong></span> <span class='ocrx_word' id='word_1_250' title='bbox 1002 3475 1243 3582; x_wconf 55' lang='lat' dir='ltr'><strong>i5sOctobr.</strong></span> 
     </span>
     <span class='ocr_line' id='line_1_29' title="bbox 49 3593 1761 3745; baseline 0.002 -40"><span class='ocrx_word' id='word_1_251' title='bbox 49 3733 50 3738; x_wconf 8' lang='grc' dir='ltr'>γ</span> <span class='ocrx_word' id='word_1_252' title='bbox 166 3637 236 3707; x_wconf 82' lang='lat' dir='ltr'><strong>ilex</strong></span> <span class='ocrx_word' id='word_1_253' title='bbox 255 3641 329 3702; x_wconf 88' lang='lat' dir='ltr'><strong>Otto</strong></span> <span class='ocrx_word' id='word_1_254' title='bbox 350 3635 390 3702; x_wconf 88' lang='lat'><strong>11.</strong></span> <span class='ocrx_word' id='word_1_255' title='bbox 418 3636 589 3745; x_wconf 65' lang='lat' dir='ltr'><strong>pitonisi·</strong></span> <span class='ocrx_word' id='word_1_256' title='bbox 619 3642 702 3706; x_wconf 83' lang='lat' dir='ltr'><strong>tilius</strong></span> <span class='ocrx_word' id='word_1_257' title='bbox 731 3593 1008 3724; x_wconf 76' lang='lat' dir='ltr'><strong>diruat-Riiperto</strong></span> <span class='ocrx_word' id='word_1_258' title='bbox 1038 3643 1105 3721; x_wconf 81' lang='lat' dir='ltr'><strong>Epo</strong></span> <span class='ocrx_word' id='word_1_259' title='bbox 1126 3642 1302 3706; x_wconf 78' lang='lat' dir='ltr'><strong>brixinensi</strong></span> <span class='ocrx_word' id='word_1_260' title='bbox 1332 3641 1372 3704; x_wconf 85' lang='lat' dir='ltr'><strong>sd</strong></span> <span class='ocrx_word' id='word_1_261' title='bbox 1399 3641 1466 3707; x_wconf 84' lang='lat' dir='ltr'><strong>diss</strong></span> <span class='ocrx_word' id='word_1_262' title='bbox 1491 3642 1575 3708; x_wconf 75' lang='lat' dir='ltr'><strong>vitta</strong></span> <span class='ocrx_word' id='word_1_263' title='bbox 1599 3663 1680 3708; x_wconf 81' lang='lat' dir='ltr'><strong>suae</strong></span> <span class='ocrx_word' id='word_1_264' title='bbox 1702 3603 1716 3612; x_wconf 87' lang='lat'><em>-</em></span> <span class='ocrx_word' id='word_1_265' title='bbox 1754 3732 1761 3742; x_wconf 32' lang='lat'>¹</span> 
     </span>
     <span class='ocr_line' id='line_1_30' title="bbox 452 3747 1388 3826; baseline 0.003 -21"><span class='ocrx_word' id='word_1_266' title='bbox 452 3751 594 3805; x_wconf 77' lang='lat' dir='ltr'><strong>veterent</strong></span> <span class='ocrx_word' id='word_1_267' title='bbox 614 3747 981 3823; x_wconf 76' lang='lat' dir='ltr'><strong>Capellam‘Ratisbonae</strong></span> <span class='ocrx_word' id='word_1_268' title='bbox 1003 3769 1074 3812; x_wconf 82' lang='lat' dir='ltr'><strong>cum</strong></span> <span class='ocrx_word' id='word_1_269' title='bbox 1092 3751 1157 3810; x_wconf 81' lang='lat' dir='ltr'><strong>suit</strong></span> <span class='ocrx_word' id='word_1_270' title='bbox 1177 3749 1388 3826; x_wconf 72' lang='lat' dir='ltr'><strong>pertinentiis0¹</strong></span> 
     </span>
     <span class='ocr_line' id='line_1_31' title="bbox 382 3853 1448 3968; baseline 0.003 -25"><span class='ocrx_word' id='word_1_271' title='bbox 382 3883 439 3950; x_wconf 77' lang='lat' dir='ltr'><strong>Ex</strong></span> <span class='ocrx_word' id='word_1_272' title='bbox 476 3881 602 3950; x_wconf 79' lang='lat' dir='ltr'><strong>Rstcltt&#39;i</strong></span> <span class='ocrx_word' id='word_1_273' title='bbox 636 3883 824 3948; x_wconf 81' lang='lat' dir='ltr'><strong>Annalibus</strong></span> <span class='ocrx_word' id='word_1_274' title='bbox 860 3887 993 3952; x_wconf 79' lang='lat' dir='ltr'><strong>Ecolioe</strong></span> <span class='ocrx_word' id='word_1_275' title='bbox 1030 3885 1239 3952; x_wconf 81' lang='lat' dir='ltr'><strong>Sabionansis</strong></span> <span class='ocrx_word' id='word_1_276' title='bbox 1275 3853 1342 3951; x_wconf 73' lang='lat' dir='ltr'><strong>iti.</strong></span> <span class='ocrx_word' id='word_1_277' title='bbox 1380 3897 1448 3968; x_wconf 64' lang='lat'><strong>49¹·</strong></span> 
     </span>
    </p>
   </div>
   <div class='ocr_carea' id='block_1_7' title="bbox 70 3995 1756 4300">
    <p class='ocr_par' dir='ltr' id='par_1_9' title="bbox 70 3995 1756 4300">
     <span class='ocr_line' id='line_1_32' title="bbox 70 3995 1756 4090; baseline 0.005 -20"><span class='ocrx_word' id='word_1_278' title='bbox 70 4071 81 4086; x_wconf 51' lang='lat'><strong>„</strong></span> <span class='ocrx_word' id='word_1_279' title='bbox 266 3999 308 4071; x_wconf 82' lang='grc' dir='ltr'><strong>Ο.</strong></span> <span class='ocrx_word' id='word_1_280' title='bbox 325 3999 371 4074; x_wconf 90' lang='lat' dir='ltr'><strong>ln</strong></span> <span class='ocrx_word' id='word_1_281' title='bbox 390 3995 547 4074; x_wconf 88' lang='lat' dir='ltr'><strong>nomine</strong></span> <span class='ocrx_word' id='word_1_282' title='bbox 563 4012 710 4074; x_wconf 86' lang='lat' dir='ltr'><strong>sanctae</strong></span> <span class='ocrx_word' id='word_1_283' title='bbox 729 4011 768 4076; x_wconf 86' lang='lat' dir='ltr'><strong>et</strong></span> <span class='ocrx_word' id='word_1_284' title='bbox 780 3999 994 4080; x_wconf 79' lang='lat' dir='ltr'><strong>individuae</strong></span> <span class='ocrx_word' id='word_1_285' title='bbox 1007 3997 1208 4090; x_wconf 87' lang='lat' dir='ltr'><strong>Trinitatis,</strong></span> <span class='ocrx_word' id='word_1_286' title='bbox 1236 3995 1353 4078; x_wconf 88' lang='lat' dir='ltr'><strong>Otto</strong></span> <span class='ocrx_word' id='word_1_287' title='bbox 1379 3997 1676 4080; x_wconf 82' lang='lat' dir='ltr'><strong>divinaiaveate</strong></span> <span class='ocrx_word' id='word_1_288' title='bbox 1752 3995 1756 3998; x_wconf 45' lang='grc'><strong>’</strong></span> 
     </span>
     <span class='ocr_line' id='line_1_33' title="bbox 112 4093 1725 4210; baseline 0.002 -38"><span class='ocrx_word' id='word_1_289' title='bbox 112 4188 120 4199; x_wconf 25' lang='grc' dir='ltr'><strong>Α</strong></span> <span class='ocrx_word' id='word_1_290' title='bbox 171 4097 373 4186; x_wconf 83' lang='lat' dir='ltr'><strong>clementia</strong></span> <span class='ocrx_word' id='word_1_291' title='bbox 393 4097 498 4174; x_wconf 85' lang='lat' dir='ltr'><strong>Rex.&#39;</strong></span> <span class='ocrx_word' id='word_1_292' title='bbox 536 4094 725 4172; x_wconf 82' lang='lat' dir='ltr'><strong>Noverint</strong></span> <span class='ocrx_word' id='word_1_293' title='bbox 745 4101 878 4178; x_wconf 85' lang='lat' dir='ltr'><strong>omnes</strong></span> <span class='ocrx_word' id='word_1_294' title='bbox 897 4098 939 4198; x_wconf 86' lang='lat' dir='ltr'><strong>in</strong></span> <span class='ocrx_word' id='word_1_295' title='bbox 960 4093 1096 4208; x_wconf 61' lang='lat' dir='ltr'><strong>Regno</strong></span> <span class='ocrx_word' id='word_1_296' title='bbox 1116 4109 1246 4177; x_wconf 88' lang='lat' dir='ltr'><strong>nostro</strong></span> <span class='ocrx_word' id='word_1_297' title='bbox 1267 4097 1560 4210; x_wconf 78' lang='lat' dir='ltr'><strong>circumquaque</strong></span> <span class='ocrx_word' id='word_1_298' title='bbox 1580 4097 1677 4175; x_wconf 83' lang='lat' dir='ltr'><strong>fide-</strong></span> <span class='ocrx_word' id='word_1_299' title='bbox 1721 4135 1725 4138; x_wconf 96' lang='lat'>·</span> 
     </span>
     <span class='ocr_line' id='line_1_34' title="bbox 106 4193 1676 4300; baseline 0.004 -33"><span class='ocrx_word' id='word_1_300' title='bbox 106 4259 110 4267; x_wconf 92' lang='lat'>.</span> <span class='ocrx_word' id='word_1_301' title='bbox 168 4193 236 4289; x_wconf 87' lang='lat' dir='ltr'><strong>les,</strong></span> <span class='ocrx_word' id='word_1_302' title='bbox 261 4193 636 4299; x_wconf 73' lang='lat' dir='ltr'><strong>praesentesscilicet</strong></span> <span class='ocrx_word' id='word_1_303' title='bbox 654 4205 693 4272; x_wconf 89' lang='lat' dir='ltr'><strong>et</strong></span> <span class='ocrx_word' id='word_1_304' title='bbox 714 4193 843 4290; x_wconf 90' lang='lat' dir='ltr'><strong>iuturi,</strong></span> <span class='ocrx_word' id='word_1_305' title='bbox 869 4197 1032 4297; x_wconf 80' lang='lat' dir='ltr'><strong>qualiter</strong></span> <span class='ocrx_word' id='word_1_306' title='bbox 1046 4193 1272 4276; x_wconf 72' lang='lat' dir='ltr'><strong>renardus</strong></span> <span class='ocrx_word' id='word_1_307' title='bbox 1291 4195 1449 4282; x_wconf 77' lang='lat' dir='ltr'><strong>nomme</strong></span> <span class='ocrx_word' id='word_1_308' title='bbox 1467 4196 1676 4300; x_wconf 82' lang='lat' dir='ltr'><strong>Rthpcrtus</strong></span> 
     </span>
    </p>
   </div>
   <div class='ocr_carea' id='block_1_8' title="bbox 0 0 1828 4850">
    <p class='ocr_par' dir='ltr' id='par_1_10' title="bbox 0 0 1828 4850">
     <span class='ocr_line' id='line_1_35' title="bbox 0 0 1828 4850; baseline 0 8"><span class='ocrx_word' id='word_1_309' title='bbox 0 0 1828 4850; x_wconf 95' lang='lat' dir='ltr'><strong> </strong></span> 
     </span>
    </p>
   </div>
  </div>
 </body>
</html>
