3684 4804
725 223 800 270 e
849 191 919 282 sio
963 211 1044 259 ’θ’

131 377 254 460 leodis
284 399 334 457 ex
361 385 486 452 morte
515 371 646 454 dilecti
678 369 802 474 fidelis
829 369 890 450 nri
918 369 1069 452 Alberti
1100 369 1149 460 de
1178 351 1644 476 Seircbing,·dileetus
1690 365 1710 440 .'
1767 450 1770 458 ,
1822 397 1827 402 ·

131 477 256 557 affinis
283 489 416 553 noster
444 473 590 551 Albero
624 470 841 566 Wallarius‚
877 495 1061 552 necnon
1092 469 1225 556 fideles
1258 471 1646 554 attiniacensis

130 577 244 672 Perig
274 586 314 651 et
348 572 567 650 Paldwinus
590 570 644 652 ,de
672 564 860 664 Paerbing
889 567 999 646 nobis
1030 573 1160 648 multis
1196 575 1375 673 precibus
1403 583 1645 666 ‚institissent
1764 585 1768 594 '

126 688 173 750 ut
205 670 375 748 Etinbet
409 667 488 746 filie
518 665 691 771 ejusdem
725 669 996 764 Saerchingarii
1031 669 1157 746 adhuc
1192 670 1385 771 superstiti
1419 671 1462 754 in
1478 718 1481 728 ·
1499 669 1646 748 eisdem

130 769 263 862 leodis,
297 791 386 845 cum
410 778 661 867 possessiones
689 764 874 865 prediales
899 767 967 839 sibi
998 790 1069 866 pro
1092 768 1372 847 susteutscione
1400 795 1480 846 non
1510 785 1648 870 suppe-

130 881 270 960 terent,
294 862 460 965 aliquam
481 861 638 958 gratiam
662 861 887 953 faceremus3
911 863 1068 942 tandem
1094 865 1142 940 de
1169 863 1339 942 Consilio
1366 869 1577 952 eorundem
1604 879 1646 944 et

125 963 343 1069 juratorum·
361 974 579 1040 nostrorum
610 960 735 1042 eidem
768 983 885 1058 puero
909 959 1134 1039 Elizabethe
1158 957 1207 1038 bo
1228 975 1272 1038 tt.
1297 965 1425 1040 denar.
1448 965 1646 1064 Ratispou.
1707 1013 1721 1020 -

128 1063 322 1153 dedimus,'
346 1071 386 1136 et
418 1057 593 1132 dommus
626 1057 869 1155 deputandas,
907 1083 1068 1170 quarum
1100 1059 1147 1139 25
1178 1059 1276 1138 libre
1301 1061 1344 1137 in
1375 1087 1459 1137 com
1488 1060 1645 1139 lanatio-

127 1183 222 1258 nem
250 1153 473 1258 questionis,
588 1181 626 1229 m
652 1155 810 1231 dilectus
843 1153 953 1231 nobts
986 1154 1168 1232 Emestus
1201 1157 1340 1235 Senior
1364 1159 1442 1236 Dra
1499 1158 1644 1259 pekhus

128 1267 198 1358 ipsi
231 1279 352 1355 puero
384 1178 655 1351 superql'lnes
686 1249 727 1326 in
752 1246 939 1327 Pachen
971 1261 1054 1354 sita2
1081 1273 1121 1329 et
1147 1277 1196 1330 ex
1230 1281 1334 1333 nuuc
1360 1257 1487 1335 eidem
1520 1279 1643 1356 puero

129 1377 201 1468 per
221 1377 292 1430 nos
319 1352 455 1426 collata
477 1347 586 1425 titulo
610 1346 761 1441 feodali,
785 1349 1001 1426 bominibus
1026 1368 1067 1426 et
1087 1347 1199 1427 rebus
1222 1351 1305 1428 aliis
1332 1355 1525 1448 movebat,
1556 1365 1644 1430 sunt

129 1449 201 1550 ipsi
218 1445 500 1547 Drauhpekcho
519 1455 559 1521 in
606 1459 755 1546 compta
776 1455 936 1544 pecunia
951 1446 1144 1541 assignate,
1167 1471 1236 1547 pto
1255 1447 1412 1550 reliquis
1433 1476 1525 1529 vero
1537 1451 1584 1531 35
1598 1463 1642 1528 tt

128 1547 303 1650 predicto
330 1568 451 1644 puero
472 1567 562 1620 acce
591 1561 681 1620 ente
702 1545 898 1622 Consensu
920 1553 979 1619 nri
1004 1545 1111 1644 Capli
1137 1547 1303 1622 redditus
1330 1559 1446 1624 trium
1465 1549 1642 1627 librarum

130 1657 171 1724 et
191 1639 348 1720 dimidie
375 1641 472 1717 libre
502 1642 630 1716 denar.
652 1639 846 1738 Ratispon.
879 1641 929 1716 de
954 1638 1068 1716 Curia
1090 1667 1158 1719 nra
1195 1642 1237 1719 in
1262 1641 1499 1747 ‚Geysling
1523 1649 1641 1744 depu·
1666 1695 1670 1700 -

128 1741 360 1820 tavimuset
391 1747 655 1834 assignavimus
683 1748 724 1812 in
752 1737 857 1814 hunc
885 1737 1058 1834 modum,
1095 1740 1202 1854 quod
1228 1739 1536 1820 hmci-redditus
1565 1755 1643 1822 tatu

25 1919 30 1929 ,
129 1841 197 1916 diu
226 1839 298 1932 ide·
313 1847 392 1936 ipsa
426 1832 541 1910 Curia
575 1845 747 1933 recipere
784 1834 923 1911 debeat
957 1855 1166 1928 annuatim,
1203 1837 1330 1916 donec
1365 1863 1435 1940 per
1465 1863 1549 1935 nos,
1578 1843 1643 1918 vel

130 1957 403 2051 quemcunque
430 1929 696 2010 Successorum
725 1956 880 2008 urorum
911 1932 1085 2032 predicte
1119 1933 1166 2010 ³5
1192 1933 1289 2011 libre
1320 1949 1535 2021 memorato
1567 1935 1645 2016 iue-

81 2033 107 2086 5
129 2047 205 2110 rant
233 2036 437 2134 persolute.
498 2025 540 2105 Si
567 2046 695 2105 eutem
730 2027 966 2128 sepedictum
993 2053 1153 2128 puerum
1189 2031 1272 2108 sine
1302 2031 1506 2111 heredibus
1534 2035 1644 2118 dece-

127 2133 223 2208 dere
247 2137 461 2224 contigerit,
496 2125 642 2225 prefate
673 2125 720 2202 ei
743 2139 787 2200 tt.
819 2126 898 2203 sive
925 2125 1092 2202 reddiius
1121 2149 1190 2226 pto
1221 2129 1365 2207 eisdem
1387 2131 1566 2231 ,deputati
1596 2133 1645 2230 ad

130 2253 201 2306 nos
228 2239 266 2302 et
286 2225 454 2301 Eccliam
477 2249 584 2302 uram
604 2221 687 2298 sine
706 2221 1019 2300 Contradiciione
1042 2225 1213 2322 qualibet
1237 2223 1358 2322 libere
1385 2224 1644 2322 retentantem

131 2346 336 2406 econverso
368 2334 516 2398 tutores
549 2334 589 2396 et
626 2317 898 2416 consanguinei
928 2319 1090 2416 predicti
1124 2333 1232 2420 pueri
1265 2323 1406 2400 adhuc
1424 2325 1467 2408 in
1495 2337 1646 2405 minore

126 2441 233 2501 etate
260 2428 474 2509 constituti,
511 2417 689 2495 videlicet
713 2417 859 2492 Albero
886 2415 1102 2509 Wallarius,
1141 2415 1351 2496 Fsideticus
1372 2423 1421 2500 de
1443 2421 1568 2520 Perig,
1605 2442 1646 2504 ut

45 2577 50 2588 .
131 2519 350 2596 Paldwinus
376 2517 426 2592 de
448 2513 635 2618 Paerbing
660 2523 817 2600 nomine
836 2532 892 2620 ‘et
929 2510 1015 2592 vice
1043 2509 1215 2616 ejusdem
1239 2516 1415 2615 predium
1445 2517 1487 2594 in
1510 2519 1644 2598 Sacr-

31 2612 36 2622 ’
124 2619 276 2711 ching
306 2611 554 2704 situat‚'·cum
584 2611 758 2711 pomerio
785 2611 989 2712 adjacenti,
1021 2635 1094 2689 nec
1116 2637 1198 2688 uon
1219 2611 1314 2690 aliis
1330 2615 1556 2714 quibusdam
1581 2619 1645 2695 ad-

88 2711 306 2815 ,jacentiis
328 2711 437 2788 nobis
467 2721 507 2787 et
534 2709 665 2788 Ecclie
700 2732 771 2786 ure
799 2707 1036 2785 donaverunt
1070 2721 1110 2784 et
1145 2712 1381 2788 tradiderunt
1413 2714 1644 2811 integraliter

34 2823 39 2832 '
132 2824 175 2887 et
205 2819 347 2909 precise
373 2799 454 2908 jure
482 2804 728 2906 proprietatio
757 2825 942 2906 perpetuo
974 2807 1254 2904 possidendum,
1291 2808 1528 2889 remittentes
1559 2815 1644 2890 red.
1763 2823 1771 2832 ·

132 2907 236 2986 ditus
265 2905 386 2981 unius.
408 2901 506 2980 libre
536 2905 586 2979 de
619 2913 773 3004 piscaria
803 2913 843 2976 in
874 2901 1081 2999 Saercbing
1115 2917 1224 2978 matri
1252 2905 1437 3006 sepedicti
1466 2920 1576 3009 pueri
1602 2922 1643 2988 itt
1702 2977 1707 2981 .
1821 2905 1826 3002 j

132 2995 342 3084 subsidium
362 3001 566 3091 dotalium,
590 3023 661 3100 per
682 3001 802 3074 dnum
818 2997 992 3076 Leonem
1016 3001 1323 3100 predecessorem
1349 3027 1463 3082 amm
1482 3017 1545 3106 pie
1565 3033 1645 3086 mc-
1670 3085 1676 3092 ,

134 3113 257 3181 morie
276 3101 478 3198 assigmcos
497 3095 608 3176 nobis
630 3109 668 3173 et
683 3095 813 3172 Ecclie
836 3119 906 3172 nte
928 3095 1197 3172 nichilominus
1218 3098 1419 3178 absolutos
1469 3104 1516 3180 ln
1538 3103 1646 3208 cujas

134 3199 193 3278 tei
225 3197 486 3276 testimonium
510 3213 713 3366 Xmemffi
737 3191 877 3270 litteras
903 3192 1138 3288 bigilloru'm5
1170 3204 1231 3270 nri
1257 3196 1438 3276 videlicet
1466 3213 1506 3278 et
1536 3201 1645 3310 Capli

66 3343 73 3350 -
135 3294 208 3388 nri,
233 3319 415 3410 necnon
442 3317 508 3466 Bne
537 3292 698 3405 ictorum
725 3283 1136 3412 nacionis-visitarit,
1168 3291 1351 3408 Frid'erici
1376 3297 1433 3383 de¹
1447 3297 1570 3397 Petig,
1603 3313 1642 3378 ct

133 3393 334 3572 1.)ζῖπὲιὲιί
362 3389 830 3566 :lssgnajelrfflngkplasssrztc'
840 3410 1052 3468 manamine
1082 3387 1262 3468 roborare
1318 3393 1405 3488 Dat.
1437 3393 1643 3500 Ratisponc

196 3779 203 3795 ι
259 3685 500 3781 Duouttttnn
518 3682 649 3774 sigim,
685 3683 793 3778 Capti,
824 3693 860 3774 ¹et
880 3685 1045 3753 rutubi
1070 3685 1108 3776 ds
1128 3685 1295 3778 Pasrdbsg
1323 3687 1523 3779 appendent,

166 3797 168 3802 '
749 3789 883 3856 cacteris
904 3789 1037 3857 avulsis.

862 4061 875 4076 ἱ
