3648 4850
757 319 1221 408 *seems

157 469 189 580 ς’
245 503 269 522 ·’
413 491 530 580 uus.
553 465 698 575 cunr
745 507 854 598 102,
872 477 1082 598 'ss-sps.
1114 466 1200 576 aas
1217 491 1416 596 ossan.
1503 565 1535 576 ,,
1619 537 1665 561 .,

47 651 48 656 ’
156 659 164 685 ’·
267 649 496 742 imperator
516 647 674 710 Conrodus
695 607 859 706 confirmat
878 653 1067 734 monasterio
1087 651 1242 728 superiori
1260 637 1383 712 auriens
1400 651 1514 713 Salscb.

155 807 183 864 ,¹
261 781 312 860 in
345 793 502 860 nomine
537 800 665 870 nnete
718 797 756 856 et
794 778 990 858 individue
1020 781 1230 877 Trinitatis,
1277 783 1580 862 Cltuonradut
1615 782 1670 862 di·
1717 865 1723 872 ,

155 879 245 968 lina
281 878 434 971 latente
468 878 671 966 clementia
702 877 964 962 Romanorum
996 877 1202 994 imperator
1230 883 1433 980 Augustus.
1510 883 1551 970 Si
1581 909 1671 980 erga

126 1001 139 1015 ’¹
153 963 295 1070 riomus
322 977 386 1067 dei
412 973 625 1077 fidelesque.
655 973 732 1076 Xpi
759 974 948 1072 ministros
978 979 1150 1075 largttate
1179 977 1338 1082 alicujus
1373 982 1465 1058 doni
1501 980 1671 1060 benivoli
1744 1015 1752 1024 ·

157 1076 405 1170 extiterimus,
429 1101 500 1156 nos
523 1079 613 1154 inde
639 1075 743 1148 beari
767 1073 995 1174 imperiique
1020 1083 1139 1153 nostri
1163 1080 1277 1155 statui
1294 1078 1344 1166 ,id
1367 1077 1671 1179 proficereret·

125 1167 322 1250 'fidimus
379 1173 545 1250 Proinde
574 1171 749 1248 omniurn
777 1171 865 1270 Xpi,
898 1174 1138 1271 presencium
1171 1174 1343 1252 fidelium
1373 1177 1518 1254 scilicet
1542 1203 1588 1252 ac
1613 1177 1670 1250 su:

103 1313 106 1327 ι
150 1275 331 1368 turonum
355 1270 506 1348 noverit
527 1271 719 1360 industria,
745 1270 904 1369 qualiter
922 1297 992 1347 nos
1017 1273 1134 1350 divini
1154 1274 1294 1350 amoris
1316 1273 1498 1350 instinctu
1518 1300 1591 1373 pro
1607 1299 1670 1350 re·
1763 1297 1769 1306 ’

154 1371 285 1445 medio
309 1369 436 1452 anime
465 1383 604 1464 nostre,
643 1382 850 1468 nostreque
876 1366 1016 1446 dilecte
1045 1369 1213 1474 conjugis
1241 1369 1391 1448 Gisile
1424 1371 1670 1470 imperatricis
1760 1375 1792 1470 '7

149 1467 340 1563 ‘Augusta
366 1468 695 1569 amantissimeque
715 1469 831 1566 prolis
858 1480 988 1543 nostre
1006 1469 1181 1544 Heinrici
1202 1467 1309 1565 regis,
1336 1497 1405 1569 pro
1428 1467 1578 1568 imperii
1602 1495 1670 1543 no·
1791 1485 1799 1492 “

96 1583 101 1590 ·
134 1565 221 1660 „stri
247 1565 368 1642 eciam
393 1578 503 1664 statu,
534 1569 586 1644 ob
610 1575 962 1642 remunerationem
984 1592 1139 1666 quoque
1163 1587 1202 1644 et
1225 1593 1332 1667 spem
1358 1586 1515 1666 accepte
1542 1567 1670 1642 irater-

100 1663 104 1680 '
150 1659 284 1746 sitatis
306 1677 497 1768 triumque
513 1663 803 1764 prebendarum
827 1658 996 1764 ejusdem
1021 1682 1200 1762 mensure
1225 1688 1263 1742 et
1284 1669 1488 1766 qualitatis,
1516 1667 1669 1765 qualem

148 1751 220 1838 ille
246 1761 402 1843 Sorores
427 1767 552 1840 solent
576 1759 760 1860 accipere,
786 1771 862 1834 iam
886 1757 1008 1852 nobis,
1035 1787 1148 1861 quam
1174 1765 1347 1864 predicte
1368 1761 1574 1860 contectali
1593 1788 1669 1860 no:

151 1869 231 1936 stre
256 1861 458 1962 sobolique
490 1869 697 1936 communi
712 1858 753 1936 in
777 1856 1007 1934 sanctissima
1035 1861 1336 1958 congregacione
1365 1874 1532 1936 sanctae
1547 1857 1669 1935 Marie

151 1952 322 2052 Virginis
345 1958 423 2058 xps
450 1982 572 2059 usque
599 1957 647 2031 ad
674 1965 878 2032 terminum
910 1951 1022 2058 hujus
1049 1958 1216 2032 mortalis
1246 1969 1324 2034 vite
1348 1977 1586 2056 acceptarum
1615 1981 1668 2031 as-

151 2049 340 2152 sidueque
355 2053 535 2133 orationis
556 2056 762 2138 eanmdem
775 2057 999 2130 ancillarum
1016 2053 1078 2131 dei
1095 2066 1173 2129 tam
1188 2081 1259 2154 pro
1274 2055 1395 2146 nobis,
1417 2081 1530 2154 quam
1546 2053 1669 2132 eciam

148 2151 452 2252 antecessoribus
476 2179 522 2230 ac
549 2153 779 2255 parentibus,
813 2176 883 2250 pro
916 2151 1110 2226 liberanda
1139 2153 1305 2254 quoque'
1328 2179 1350 2230 a
1376 2147 1669 2256 justissimam

148 2241 282 2325 eterni
303 2243 440 2352 judicis
474 2247 662 2344 omnibus,
711 2275 876 2350 quorum
906 2273 969 2325 res
999 2243 1169 2348 ejusdem
1195 2248 1369 2328 Ecclesie
1401 2251 1586 2326 hactenus
1614 2243 1668 2326 di·

149 2359 270 2444 rapte·
293 2360 334 2424 et
360 2352 450 2427 inde
476 2363 566 2428 sunt
595 2349 769 2442 alienate,
807 2347 1003 2447 quandam
1035 2359 1154 2424 nostri
1182 2345 1278 2451 juris
1307 2347 1469 2426 Curiam
1502 2346 1668 2422 Salaht

149 2441 305 2537 dictam,
338 2457 379 2522 in
405 2445 600 2526 Comitatu
624 2449 898 2546 Ruotperti,
928 2444 971 2532 in
996 2471 1094 2544 pago
1119 2445 1459 2542 Tuonocgowe
1484 2455 1592 2520 sitam
1617 2443 1669 2519 ad

23 2597 24 2603 a
149 2544 425 2640 monasterium
457 2539 918 2632 Oberenmunstiuri
951 2543 1107 2636 dictum,
1137 2543 1325 2630 ,in-Ratis
1355 2542 1491 2638 quensi
1518 2543 1668 2620 Metro·

145 2643 228 2743 poli
253 2643 466 2723 inhonore
494 2645 571 2746 Xpi
593 2639 785 2742 genitricis
812 2651 1082 2732 constructum,
1109 2641 1171 2717 cui
1192 2573 1417 2721 venerabilis
1443 2642 1504 2718 dei
1526 2640 1669 2725 oratrix

149 2754 191 2811 et
219 2727 403 2820 abbatissa
436 2742 729 2826 Wichburch
767 2737 1041 2814 rationabiliter
1076 2758 1226 2839 preesse
1272 2741 1434 2830 videtur,
1475 2741 1523 2812 ad
1540 2753 1697 2836 'usum‘

63 2875 83 2904 2
145 2848 380 3003 perpetuum
416 2834 585 2940 ejusdem
618 2839 759 2930 famule
788 2838 859 2931 ¹dei
900 2860 944 2910 ac
974 2835 1162 2936 stipendia
1197 2836 1543 2914 sanctimonialium
1571 2831 1675 2939 inibi
1714 2851 1718 2858 '

145 2935 152 2958 ’“
190 2955 237 3006 eo
263 2934 330 3036 sub
353 2939 483 3032 regula
508 2933 628 3010 sancti
651 2935 852 3009 Benedicti
887 2931 1151 3010 fantulantium
1172 2947 1424 3012 concessimus
1452 2954 1566 3034 atque
1596 2945 1670 3008 tra·

114 3023 328 3124 'ilidinius3
361 3059 473 3134 quam
497 3035 678 3118 uidelicet
699 3035 855 3121 Curtem
881 3055 970 3130 cum
996 3042 1071 3106 suis
1095 3033 1326 3131 appendiciis
1357 3047 1576 3110 constat-ex
1603 3057 1669 3106 an·

143 3121 263 3227 ‘siquis
288 3131 524 3231 temporibus
554 3131 603 3210 ad
635 3130 736 3206 idem
771 3138 1042 3203 monasterium
1071 3141 1308 3228 pertinuisse,
1345 3142 1384 3206 et
1418 3131 1465 3206 ab
1499 3143 1696 3202 anseres·

34 3301 36 3306 ,
143 3221 234 3298 'sore
255 3241 385 3303 nostro
402 3225 696 3306 dive'memorie
715 3224 872 3301 domino
892 3226 1074 3301 Heinrico
1095 3229 1263 3302 secundo
1284 3237 1514 3328 imperatore
1536 3227 1668 3302 denuo

145 3334 335 3424 precepto
357 3353 426 3402 suo
454 3325 506 3400 im
536 3325 641 3402 eriali
670 3322 794 3398 eidem
817 3348 1046 3416 concessam,
1079 3325 1146 3400 sed
1169 3325 1290 3410 oblito
1319 3339 1457 3401 timore
1481 3322 1557 3398 Dei
1586 3349 1670 3420 sug-

145 3416 322 3536 gestione
349 3355 585 3520 quorundam
622 3423 821 3495 hominum
859 3421 1059 3520 aregibus
1087 3424 1151 3500 uel
1181 3422 1342 3516 ducibus
1368 3424 1409 3500 in
1433 3417 1670 3498 beneficium

149 3514 216 3588 diu
242 3529 441 3592 retentam.
493 3519 572 3594 Nos
592 3533 720 3594 autem
749 3517 876 3593 divine
900 3518 1212 3595 remunerationis
1235 3521 1376 3596 intuitu
1400 3517 1559 3594 Curtem
1582 3543 1669 3630 pre-

145 3609 291 3698 dictam
317 3611 488 3690 salaht·
504 3643 591 3692 curu
622 3615 798 3704 omnibus
823 3612 898 3687 suis
925 3614 1166 3713 pertinentiis
1195 3641 1263 3693 seu
1288 3614 1532 3716 appendiciis,
1558 3617 1670 3708 villis,

146 3707 249 3799 uicis,
277 3709 383 3808 areis,
410 3710 577 3814 edifiqii's,
603 3711 907 3787 ministerialibus
933 3711 1132 3814 utriusque
1154 3739 1275 3804 sexus,
1308 3725 1420 3810 agris,¹
1440 3713 1559 3805 terris,
1586 3715 1671 3789 cul·
1701 3739 1718 3759 ³
1787 3747 1797 3758 ·

35 3804 38 3811 ’
147 3803 197 3879 tis
220 3821 259 3881 et
279 3805 442 3897 incultis,
469 3809 593 3908 pratis,
618 3803 773 3908 pascuis,
800 3806 949 3907 eampis,
975 3809 1087 3902 silvis,
1112 3809 1392 3902 venationibus,
1415 3811 1532 3910 aquis,
1554 3835 1671 3912 aqua·
1716 3843 1739 3848 ·

149 3927 235 3977 rurn
269 3905 498 3996 decursibus,
531 3905 812 4004 piscationibus,
845 3906 1084 3999 molendinis,
1114 3906 1184 3983 viis
1213 3919 1251 3982 et
1279 3903 1401 4000 inviis,
1434 3907 1599 3984 exitibus
1625 3919 1670 3984 et

147 3998 345 4092 reditibus,
383 3999 570 4094 censibus,
608 4003 871 4098 vectigalibus,
907 4002 1066 4115 quesitis
1102 4015 1142 4078 et
1173 4003 1420 4103 inquirendis,
1461 4031 1547 4082 cum
1586 4023 1671 4080 ont·

148 4095 270 4187 nibus,
296 4125 370 4202 que
392 4103 469 4176 ullo
488 4101 603 4175 modo
626 4097 700 4173 dici
724 4114 789 4174 aut
817 4098 1008 4174 nommari
1034 4111 1202 4200 possunt,
1228 4103 1453 4180 utilitatibus
1474 4129 1543 4202 per
1566 4101 1673 4180 hane

146 4209 318 4273 nostram
346 4197 581 4302 lmperialem
609 4189 778 4292 unium,
813 4197 962 4302 prelato
992 4197 1222 4283 monasterio
1249 4201 1436 4296 tradendo
1466 4198 1672 4324 conbuse-
