<?xml version="1.0" encoding="UTF-8"?>
<!DOCTYPE html PUBLIC "-//W3C//DTD XHTML 1.0 Transitional//EN"
    "http://www.w3.org/TR/xhtml1/DTD/xhtml1-transitional.dtd">
<html xmlns="http://www.w3.org/1999/xhtml" xml:lang="en" lang="en">
 <head>
  <title>
</title>
<meta http-equiv="Content-Type" content="text/html;charset=utf-8" />
  <meta name='ocr-system' content='tesseract 3.04.00' />
  <meta name='ocr-capabilities' content='ocr_page ocr_carea ocr_par ocr_line ocrx_word'/>
</head>
<body>
  <div class='ocr_page' id='page_1' title='image "./codexchronologi01riedgoog_0456.png"; bbox 0 0 3718 4848; ppageno 0'>
   <div class='ocr_carea' id='block_1_1' title="bbox 531 253 1693 402">
    <p class='ocr_par' dir='ltr' id='par_1_1' title="bbox 531 253 1853 402">
     <span class='ocr_line' id='line_1_1' title="bbox 531 253 1693 402; baseline 0.007 -21"><span class='ocrx_word' id='word_1_1' title='bbox 531 253 1090 402; x_wconf 46' lang='grc' dir='ltr'>--μψῶὶιΨ</span> <span class='ocrx_word' id='word_1_2' title='bbox 1466 300 1511 355; x_wconf 67' lang='lat'>³</span> <span class='ocrx_word' id='word_1_3' title='bbox 1587 293 1693 392; x_wconf 58' lang='lat' dir='ltr'><em>s</em></span> 
     </span>
    </p>
   </div>
   <div class='ocr_carea' id='block_1_2' title="bbox 77 403 1632 765">
    <p class='ocr_par' dir='ltr' id='par_1_2' title="bbox 77 403 1632 765">
     <span class='ocr_line' id='line_1_2' title="bbox 117 403 1630 589; baseline -0.001 -36"><span class='ocrx_word' id='word_1_4' title='bbox 117 421 190 554; x_wconf 82' lang='lat' dir='ltr'>lilii</span> <span class='ocrx_word' id='word_1_5' title='bbox 209 413 571 571; x_wconf 61' lang='lat' dir='ltr'>quoniam&#39;iuisa</span> <span class='ocrx_word' id='word_1_6' title='bbox 595 463 644 548; x_wconf 85' lang='lat' dir='ltr'>de&#39;</span> <span class='ocrx_word' id='word_1_7' title='bbox 660 429 866 571; x_wconf 78' lang='lat' dir='ltr'>Strobings</span> <span class='ocrx_word' id='word_1_8' title='bbox 881 417 1238 586; x_wconf 58' lang='lat' dir='ltr'>&#39;panneniibuisos</span> <span class='ocrx_word' id='word_1_9' title='bbox 1255 465 1389 552; x_wconf 74' lang='lat' dir='ltr'>Morie-</span> <span class='ocrx_word' id='word_1_10' title='bbox 1400 403 1630 589; x_wconf 51' lang='lat' dir='ltr'>madalene</span> 
     </span>
     <span class='ocr_line' id='line_1_3' title="bbox 77 561 1632 765; baseline 0.003 -119"><span class='ocrx_word' id='word_1_11' title='bbox 77 603 83 634; x_wconf 83' lang='lat'>··</span> <span class='ocrx_word' id='word_1_12' title='bbox 120 567 311 765; x_wconf 55' lang='lat' dir='ltr'>gpgpriilppa</span> <span class='ocrx_word' id='word_1_13' title='bbox 332 561 485 648; x_wconf 76' lang='lat' dir='ltr'>Curiam</span> <span class='ocrx_word' id='word_1_14' title='bbox 507 575 616 648; x_wconf 88' lang='lat' dir='ltr'>sitam</span> <span class='ocrx_word' id='word_1_15' title='bbox 639 569 681 648; x_wconf 91' lang='lat' dir='ltr'>in</span> <span class='ocrx_word' id='word_1_16' title='bbox 707 567 1099 664; x_wconf 76' lang='lat' dir='ltr'>Obernaettsnge</span> <span class='ocrx_word' id='word_1_17' title='bbox 1133 574 1246 646; x_wconf 81' lang='lat' dir='ltr'>titulo</span> <span class='ocrx_word' id='word_1_18' title='bbox 1273 597 1344 672; x_wconf 90' lang='lat' dir='ltr'>pro</span> <span class='ocrx_word' id='word_1_19' title='bbox 1369 571 1516 650; x_wconf 83' lang='lat' dir='ltr'>rietatis</span> <span class='ocrx_word' id='word_1_20' title='bbox 1539 595 1632 650; x_wconf 63' lang='lat' dir='ltr'>vene</span> 
     </span>
    </p>
   </div>
   <div class='ocr_carea' id='block_1_3' title="bbox 6 667 1640 879">
    <p class='ocr_par' dir='ltr' id='par_1_3' title="bbox 6 667 1640 879">
     <span class='ocr_line' id='line_1_4' title="bbox 330 667 1640 784; baseline 0 -36"><span class='ocrx_word' id='word_1_21' title='bbox 330 689 483 772; x_wconf 75' lang='lat' dir='ltr'>recepta</span> <span class='ocrx_word' id='word_1_22' title='bbox 511 667 648 780; x_wconf 81' lang='lat' dir='ltr'>abeis</span> <span class='ocrx_word' id='word_1_23' title='bbox 681 670 832 746; x_wconf 77' lang='lat' dir='ltr'>modica</span> <span class='ocrx_word' id='word_1_24' title='bbox 866 667 1032 784; x_wconf 83' lang='lat' dir='ltr'>pecunie</span> <span class='ocrx_word' id='word_1_25' title='bbox 1069 669 1292 770; x_wconf 83' lang='lat' dir='ltr'>quantitate,</span> <span class='ocrx_word' id='word_1_26' title='bbox 1327 729 1329 732; x_wconf 72' lang='lat'>.</span> <span class='ocrx_word' id='word_1_27' title='bbox 1360 693 1406 746; x_wconf 88' lang='lat' dir='ltr'>os</span> <span class='ocrx_word' id='word_1_28' title='bbox 1437 672 1640 772; x_wconf 85' lang='lat' dir='ltr'>quendam·</span> 
     </span>
     <span class='ocr_line' id='line_1_5' title="bbox 6 767 1630 879; baseline 0 -31"><span class='ocrx_word' id='word_1_29' title='bbox 6 791 8 796; x_wconf 78' lang='grc'><em>’</em></span> <span class='ocrx_word' id='word_1_30' title='bbox 118 791 253 870; x_wconf 79' lang='lat' dir='ltr'>agrum</span> <span class='ocrx_word' id='word_1_31' title='bbox 276 781 318 845; x_wconf 91' lang='lat' dir='ltr'>in</span> <span class='ocrx_word' id='word_1_32' title='bbox 346 769 489 872; x_wconf 85' lang='lat' dir='ltr'>eampis</span> <span class='ocrx_word' id='word_1_33' title='bbox 510 769 682 872; x_wconf 70' lang='lat' dir='ltr'>ejusdem</span> <span class='ocrx_word' id='word_1_34' title='bbox 701 767 824 851; x_wconf 79' lang='lat' dir='ltr'>Curia</span> <span class='ocrx_word' id='word_1_35' title='bbox 854 783 991 860; x_wconf 83' lang='lat' dir='ltr'>situm,</span> <span class='ocrx_word' id='word_1_36' title='bbox 1026 789 1143 879; x_wconf 83' lang='lat' dir='ltr'>quern</span> <span class='ocrx_word' id='word_1_37' title='bbox 1169 768 1283 845; x_wconf 84' lang='lat' dir='ltr'>iidem</span> <span class='ocrx_word' id='word_1_38' title='bbox 1310 767 1441 848; x_wconf 81' lang='lat' dir='ltr'>iratres</span> <span class='ocrx_word' id='word_1_39' title='bbox 1467 795 1492 846; x_wconf 87' lang='lat' dir='ltr'>a</span> <span class='ocrx_word' id='word_1_40' title='bbox 1518 769 1630 848; x_wconf 80' lang='lat' dir='ltr'>nobis</span> 
     </span>
    </p>
   </div>
   <div class='ocr_carea' id='block_1_4' title="bbox 120 858 1773 968">
    <p class='ocr_par' dir='ltr' id='par_1_4' title="bbox 120 858 1773 968">
     <span class='ocr_line' id='line_1_6' title="bbox 120 858 1773 968; baseline -0.002 -19"><span class='ocrx_word' id='word_1_41' title='bbox 120 884 162 950; x_wconf 81' lang='lat' dir='ltr'>et</span> <span class='ocrx_word' id='word_1_42' title='bbox 183 881 310 944; x_wconf 83' lang='lat' dir='ltr'>nostra</span> <span class='ocrx_word' id='word_1_43' title='bbox 324 867 494 946; x_wconf 75' lang='lat' dir='ltr'><strong>Ecclesia</strong></span> <span class='ocrx_word' id='word_1_44' title='bbox 509 865 754 968; x_wconf 80' lang='lat' dir='ltr'>possidebant</span> <span class='ocrx_word' id='word_1_45' title='bbox 778 865 891 942; x_wconf 85' lang='lat' dir='ltr'>titulo</span> <span class='ocrx_word' id='word_1_46' title='bbox 912 866 1062 956; x_wconf 67' lang='lat' dir='ltr'>leodab</span> <span class='ocrx_word' id='word_1_47' title='bbox 1088 883 1128 942; x_wconf 88' lang='lat' dir='ltr'>et</span> <span class='ocrx_word' id='word_1_48' title='bbox 1148 885 1218 966; x_wconf 86' lang='lat' dir='ltr'>per</span> <span class='ocrx_word' id='word_1_49' title='bbox 1243 858 1309 944; x_wconf 66' lang='lat' dir='ltr'>e&#39;os</span> <span class='ocrx_word' id='word_1_50' title='bbox 1336 869 1385 942; x_wconf 87' lang='lat' dir='ltr'>ad</span> <span class='ocrx_word' id='word_1_51' title='bbox 1406 891 1541 943; x_wconf 88' lang='lat' dir='ltr'>manus</span> <span class='ocrx_word' id='word_1_52' title='bbox 1561 891 1631 958; x_wconf 50' lang='lat' dir='ltr'>noa</span> <span class='ocrx_word' id='word_1_53' title='bbox 1769 889 1773 896; x_wconf 89' lang='grc'><strong>“</strong></span> 
     </span>
    </p>
   </div>
   <div class='ocr_carea' id='block_1_5' title="bbox 43 961 1688 1360">
    <p class='ocr_par' dir='ltr' id='par_1_5' title="bbox 43 961 1688 1360">
     <span class='ocr_line' id='line_1_7' title="bbox 43 961 1630 1066; baseline 0 -22"><span class='ocrx_word' id='word_1_54' title='bbox 43 1021 49 1026; x_wconf 84' lang='grc'>-</span> <span class='ocrx_word' id='word_1_55' title='bbox 118 981 210 1044; x_wconf 80' lang='lat' dir='ltr'>atras</span> <span class='ocrx_word' id='word_1_56' title='bbox 233 965 475 1064; x_wconf 84' lang='lat' dir='ltr'>resignatum,</span> <span class='ocrx_word' id='word_1_57' title='bbox 508 975 596 1066; x_wconf 86' lang='lat' dir='ltr'>ipsis</span> <span class='ocrx_word' id='word_1_58' title='bbox 632 961 977 1065; x_wconf 74' lang='lat' dir='ltr'>penitentibusde</span> <span class='ocrx_word' id='word_1_59' title='bbox 999 969 1204 1043; x_wconf 81' lang='lat' dir='ltr'>-Gonsensu</span> <span class='ocrx_word' id='word_1_60' title='bbox 1235 963 1406 1065; x_wconf 87' lang='lat' dir='ltr'>Capituli</span> <span class='ocrx_word' id='word_1_61' title='bbox 1435 966 1630 1044; x_wconf 55' lang='lat' dir='ltr'>austrinis</span> 
     </span>
     <span class='ocr_line' id='line_1_8' title="bbox 119 1062 1688 1164; baseline -0.002 -21"><span class='ocrx_word' id='word_1_62' title='bbox 119 1065 333 1159; x_wconf 84' lang='lat' dir='ltr'>remedium</span> <span class='ocrx_word' id='word_1_63' title='bbox 354 1064 480 1142; x_wconf 80' lang='lat' dir='ltr'>anime</span> <span class='ocrx_word' id='word_1_64' title='bbox 503 1078 633 1140; x_wconf 75' lang='lat' dir='ltr'>nostre</span> <span class='ocrx_word' id='word_1_65' title='bbox 663 1081 702 1138; x_wconf 88' lang='lat' dir='ltr'>et</span> <span class='ocrx_word' id='word_1_66' title='bbox 723 1062 943 1138; x_wconf 80' lang='lat' dir='ltr'>nostrornm</span> <span class='ocrx_word' id='word_1_67' title='bbox 968 1064 1263 1146; x_wconf 73' lang='lat' dir='ltr'>Antecessorum</span> <span class='ocrx_word' id='word_1_68' title='bbox 1295 1065 1514 1140; x_wconf 75' lang='lat' dir='ltr'><strong>tradidimus</strong></span> <span class='ocrx_word' id='word_1_69' title='bbox 1543 1085 1631 1164; x_wconf 61' lang='lat' dir='ltr'>pros</span> <span class='ocrx_word' id='word_1_70' title='bbox 1684 1063 1688 1070; x_wconf 77' lang='grc'><strong>’</strong></span> 
     </span>
     <span class='ocr_line' id='line_1_9' title="bbox 78 1158 1632 1267; baseline -0.001 -27"><span class='ocrx_word' id='word_1_71' title='bbox 78 1245 85 1252; x_wconf 72' lang='grc'><strong>,</strong></span> <span class='ocrx_word' id='word_1_72' title='bbox 118 1161 293 1267; x_wconf 85' lang='lat' dir='ltr'>prietatis·</span> <span class='ocrx_word' id='word_1_73' title='bbox 308 1158 421 1240; x_wconf 81' lang='lat' dir='ltr'>tilulo</span> <span class='ocrx_word' id='word_1_74' title='bbox 447 1158 727 1262; x_wconf 86' lang='lat' dir='ltr'>possidendum.</span> <span class='ocrx_word' id='word_1_75' title='bbox 777 1161 828 1236; x_wconf 90' lang='lat' dir='ltr'>Et</span> <span class='ocrx_word' id='word_1_76' title='bbox 850 1187 905 1239; x_wconf 86' lang='lat' dir='ltr'>ne</span> <span class='ocrx_word' id='word_1_77' title='bbox 924 1162 1056 1244; x_wconf 83' lang='lat' dir='ltr'>eadem</span> <span class='ocrx_word' id='word_1_78' title='bbox 1078 1174 1206 1236; x_wconf 80' lang='lat' dir='ltr'>nostia</span> <span class='ocrx_word' id='word_1_79' title='bbox 1230 1161 1388 1238; x_wconf 86' lang='lat' dir='ltr'>donatio</span> <span class='ocrx_word' id='word_1_80' title='bbox 1415 1161 1632 1242; x_wconf 71' lang='lat' dir='ltr'>sliouiv&#39;er-</span> 
     </span>
     <span class='ocr_line' id='line_1_10' title="bbox 118 1256 1677 1360; baseline 0 -24"><span class='ocrx_word' id='word_1_81' title='bbox 118 1276 220 1342; x_wconf 88' lang='lat' dir='ltr'>tatur</span> <span class='ocrx_word' id='word_1_82' title='bbox 243 1259 285 1336; x_wconf 92' lang='lat' dir='ltr'>in</span> <span class='ocrx_word' id='word_1_83' title='bbox 306 1259 478 1350; x_wconf 87' lang='lat' dir='ltr'>dubium,</span> <span class='ocrx_word' id='word_1_84' title='bbox 503 1273 719 1360; x_wconf 76' lang='lat' dir='ltr'><strong>presentem</strong></span> <span class='ocrx_word' id='word_1_85' title='bbox 746 1258 911 1336; x_wconf 84' lang='lat' dir='ltr'>litteram</span> <span class='ocrx_word' id='word_1_86' title='bbox 939 1256 1317 1352; x_wconf 68' lang='lat' dir='ltr'>conscribi&#39;ffeoimus,</span> <span class='ocrx_word' id='word_1_87' title='bbox 1346 1279 1391 1336; x_wconf 83' lang='lat' dir='ltr'>et</span> <span class='ocrx_word' id='word_1_88' title='bbox 1410 1259 1630 1358; x_wconf 74' lang='lat' dir='ltr'>Sigillorum</span> <span class='ocrx_word' id='word_1_89' title='bbox 1673 1334 1677 1342; x_wconf 89' lang='grc'><em>,</em></span> 
     </span>
    </p>
   </div>
   <div class='ocr_carea' id='block_1_6' title="bbox 118 1355 1769 1460">
    <p class='ocr_par' dir='ltr' id='par_1_6' title="bbox 118 1355 1769 1460">
     <span class='ocr_line' id='line_1_11' title="bbox 118 1355 1769 1460; baseline 0 -24"><span class='ocrx_word' id='word_1_90' title='bbox 118 1358 180 1436; x_wconf 90' lang='lat' dir='ltr'>nri</span> <span class='ocrx_word' id='word_1_91' title='bbox 200 1356 378 1434; x_wconf 86' lang='lat' dir='ltr'>videlieet</span> <span class='ocrx_word' id='word_1_92' title='bbox 392 1377 432 1435; x_wconf 87' lang='lat' dir='ltr'>et</span> <span class='ocrx_word' id='word_1_93' title='bbox 451 1356 617 1456; x_wconf 87' lang='lat' dir='ltr'>Capituli</span> <span class='ocrx_word' id='word_1_94' title='bbox 638 1355 698 1432; x_wconf 85' lang='lat' dir='ltr'>nri</span> <span class='ocrx_word' id='word_1_95' title='bbox 720 1357 932 1433; x_wconf 81' lang='lat' dir='ltr'>munimine</span> <span class='ocrx_word' id='word_1_96' title='bbox 953 1355 1130 1432; x_wconf 84' lang='lat' dir='ltr'>roborati.</span> <span class='ocrx_word' id='word_1_97' title='bbox 1170 1357 1314 1434; x_wconf 88' lang='lat' dir='ltr'>Datum</span> <span class='ocrx_word' id='word_1_98' title='bbox 1332 1357 1539 1460; x_wconf 83' lang='lat' dir='ltr'>Ratispone</span> <span class='ocrx_word' id='word_1_99' title='bbox 1564 1383 1630 1437; x_wconf 73' lang='lat' dir='ltr'>sn·</span> <span class='ocrx_word' id='word_1_100' title='bbox 1751 1387 1769 1403; x_wconf 92' lang='lat'>·</span> 
     </span>
    </p>
   </div>
   <div class='ocr_carea' id='block_1_7' title="bbox 6 1451 1507 1574">
    <p class='ocr_par' dir='ltr' id='par_1_7' title="bbox 6 1451 1507 1574">
     <span class='ocr_line' id='line_1_12' title="bbox 6 1451 1507 1574; baseline 0.003 -46"><span class='ocrx_word' id='word_1_101' title='bbox 6 1516 11 1528; x_wconf 92' lang='lat'><em>.</em></span> <span class='ocrx_word' id='word_1_102' title='bbox 119 1479 172 1538; x_wconf 81' lang='lat' dir='ltr'>no</span> <span class='ocrx_word' id='word_1_103' title='bbox 190 1453 257 1538; x_wconf 85' lang='lat' dir='ltr'>dni</span> <span class='ocrx_word' id='word_1_104' title='bbox 278 1457 382 1538; x_wconf 79' lang='lat'><strong>1253.</strong></span> <span class='ocrx_word' id='word_1_105' title='bbox 406 1457 459 1532; x_wconf 89' lang='lat' dir='ltr'>ll.</span> <span class='ocrx_word' id='word_1_106' title='bbox 477 1456 560 1532; x_wconf 88' lang='lat' dir='ltr'>Kal.</span> <span class='ocrx_word' id='word_1_107' title='bbox 574 1452 784 1574; x_wconf 78' lang='lat' dir='ltr'>Februarii,</span> <span class='ocrx_word' id='word_1_108' title='bbox 806 1451 1056 1570; x_wconf 62' lang='lat' dir='ltr'>pontificatus</span> <span class='ocrx_word' id='word_1_109' title='bbox 1081 1452 1142 1529; x_wconf 89' lang='lat' dir='ltr'>nri</span> <span class='ocrx_word' id='word_1_110' title='bbox 1165 1479 1267 1532; x_wconf 75' lang='lat' dir='ltr'>mmo</span> <span class='ocrx_word' id='word_1_111' title='bbox 1288 1455 1465 1558; x_wconf 85' lang='lat' dir='ltr'>septimo.</span> <span class='ocrx_word' id='word_1_112' title='bbox 1503 1477 1507 1484; x_wconf 84' lang='grc'><strong>’</strong></span> 
     </span>
    </p>
   </div>
   <div class='ocr_carea' id='block_1_8' title="bbox 265 1613 1351 1724">
    <p class='ocr_par' dir='ltr' id='par_1_8' title="bbox 265 1613 1351 1724">
     <span class='ocr_line' id='line_1_13' title="bbox 265 1613 1351 1724; baseline -0.021 -29"><span class='ocrx_word' id='word_1_113' title='bbox 265 1686 279 1724; x_wconf 46' lang='lat'><em>9</em></span> <span class='ocrx_word' id='word_1_114' title='bbox 419 1697 425 1716; x_wconf 42' lang='grc' dir='ltr'>Ι</span> <span class='ocrx_word' id='word_1_115' title='bbox 510 1615 693 1702; x_wconf 77' lang='lat' dir='ltr'>Utrumque</span> <span class='ocrx_word' id='word_1_116' title='bbox 714 1613 869 1714; x_wconf 73' lang='lat' dir='ltr'>Sigillum</span> <span class='ocrx_word' id='word_1_117' title='bbox 891 1613 1058 1700; x_wconf 81' lang='lat' dir='ltr'>integrum</span> <span class='ocrx_word' id='word_1_118' title='bbox 1081 1615 1262 1703; x_wconf 52' lang='lat' dir='ltr'>stipenda.⁴</span> <span class='ocrx_word' id='word_1_119' title='bbox 1345 1626 1351 1634; x_wconf 86' lang='lat'>·</span> 
     </span>
    </p>
   </div>
   <div class='ocr_carea' id='block_1_9' title="bbox 310 1927 1563 2106">
    <p class='ocr_par' dir='ltr' id='par_1_9' title="bbox 219 1927 1563 2106">
     <span class='ocr_line' id='line_1_14' title="bbox 310 1927 1563 2106; baseline 0.006 -41.458"><span class='ocrx_word' id='word_1_120' title='bbox 310 1987 442 2068; x_wconf 72' lang='lat' dir='ltr'>nam.</span> <span class='ocrx_word' id='word_1_121' title='bbox 469 1967 761 2069; x_wconf 80' lang='lat' dir='ltr'>ccccav111.&#39;</span> <span class='ocrx_word' id='word_1_122' title='bbox 798 1993 910 2106; x_wconf 70' lang='lat' dir='ltr'>asa·</span> <span class='ocrx_word' id='word_1_123' title='bbox 934 2018 963 2078; x_wconf 67' lang='lat'>1.</span> <span class='ocrx_word' id='word_1_124' title='bbox 987 1927 1114 2072; x_wconf 73' lang='lat' dir='ltr'>Fen</span> <span class='ocrx_word' id='word_1_125' title='bbox 1134 1970 1195 2068; x_wconf 68' lang='lat' dir='ltr'>nx</span> <span class='ocrx_word' id='word_1_126' title='bbox 1222 1989 1418 2090; x_wconf 80' lang='lat' dir='ltr'>originali.</span> <span class='ocrx_word' id='word_1_127' title='bbox 1558 1933 1563 1952; x_wconf 36' lang='lat'>³</span> 
     </span>
    </p>
   </div>
   <div class='ocr_carea' id='block_1_10' title="bbox 118 2149 1633 2348">
    <p class='ocr_par' dir='ltr' id='par_1_10' title="bbox 118 2149 1633 2348">
     <span class='ocr_line' id='line_1_15' title="bbox 118 2149 1633 2248; baseline -0.001 -20"><span class='ocrx_word' id='word_1_128' title='bbox 118 2161 244 2242; x_wconf 74' lang='lat' dir='ltr'>Decisio</span> <span class='ocrx_word' id='word_1_129' title='bbox 273 2149 358 2225; x_wconf 62' lang='lat' dir='ltr'>siraa‘</span> <span class='ocrx_word' id='word_1_130' title='bbox 387 2163 583 2228; x_wconf 75' lang='lat' dir='ltr'>advocatiam</span> <span class='ocrx_word' id='word_1_131' title='bbox 615 2165 650 2224; x_wconf 86' lang='lat' dir='ltr'>in</span> <span class='ocrx_word' id='word_1_132' title='bbox 677 2163 870 2238; x_wconf 80' lang='lat' dir='ltr'>Aulaausen,</span> <span class='ocrx_word' id='word_1_133' title='bbox 906 2171 939 2224; x_wconf 82' lang='lat' dir='ltr'>at</span> <span class='ocrx_word' id='word_1_134' title='bbox 968 2166 1126 2242; x_wconf 75' lang='lat' dir='ltr'>obligatio</span> <span class='ocrx_word' id='word_1_135' title='bbox 1163 2163 1305 2248; x_wconf 67' lang='lat' dir='ltr'>ejusdem</span> <span class='ocrx_word' id='word_1_136' title='bbox 1338 2163 1419 2226; x_wconf 81' lang='lat' dir='ltr'>saeta</span> <span class='ocrx_word' id='word_1_137' title='bbox 1445 2165 1633 2246; x_wconf 62' lang='lat' dir='ltr'>quibusdan</span> 
     </span>
     <span class='ocr_line' id='line_1_16' title="bbox 658 2270 1411 2348; baseline 0.003 -16"><span class='ocrx_word' id='word_1_138' title='bbox 658 2270 784 2332; x_wconf 75' lang='lat' dir='ltr'>Civibus</span> <span class='ocrx_word' id='word_1_139' title='bbox 806 2270 1114 2344; x_wconf 70' lang='lat' dir='ltr'>Ratisbouensibns,</span> <span class='ocrx_word' id='word_1_140' title='bbox 1219 2317 1220 2322; x_wconf 19' lang='grc' dir='ltr'>η</span> <span class='ocrx_word' id='word_1_141' title='bbox 1255 2295 1265 2304; x_wconf 62' lang='lat'>„</span> <span class='ocrx_word' id='word_1_142' title='bbox 1379 2325 1411 2348; x_wconf 62' lang='grc'>,,</span> 
     </span>
    </p>
   </div>
   <div class='ocr_carea' id='block_1_11' title="bbox 38 2439 1746 4326">
    <p class='ocr_par' dir='ltr' id='par_1_11' title="bbox 50 2439 1726 3229">
     <span class='ocr_line' id='line_1_17' title="bbox 217 2439 1633 2547; baseline 0.002 -29"><span class='ocrx_word' id='word_1_143' title='bbox 217 2441 299 2519; x_wconf 88' lang='lat' dir='ltr'>Nos</span> <span class='ocrx_word' id='word_1_144' title='bbox 323 2441 555 2520; x_wconf 81' lang='lat' dir='ltr'>Albe-itus</span> <span class='ocrx_word' id='word_1_145' title='bbox 580 2451 819 2520; x_wconf 79' lang='lat' dir='ltr'>miseratione</span> <span class='ocrx_word' id='word_1_146' title='bbox 844 2439 970 2518; x_wconf 87' lang='lat' dir='ltr'>divina</span> <span class='ocrx_word' id='word_1_147' title='bbox 994 2441 1187 2544; x_wconf 85' lang='lat' dir='ltr'>Ratispon.</span> <span class='ocrx_word' id='word_1_148' title='bbox 1210 2443 1315 2544; x_wconf 87' lang='lat' dir='ltr'>Epus</span> <span class='ocrx_word' id='word_1_149' title='bbox 1343 2439 1532 2520; x_wconf 74' lang='lat' dir='ltr'>omuibus</span> <span class='ocrx_word' id='word_1_150' title='bbox 1548 2469 1633 2547; x_wconf 83' lang='lat' dir='ltr'>pre·</span> 
     </span>
     <span class='ocr_line' id='line_1_18' title="bbox 117 2537 1643 2641; baseline 0 -21"><span class='ocrx_word' id='word_1_151' title='bbox 117 2552 203 2620; x_wconf 80' lang='lat' dir='ltr'>sens</span> <span class='ocrx_word' id='word_1_152' title='bbox 235 2551 413 2641; x_wconf 86' lang='lat' dir='ltr'>seriptum</span> <span class='ocrx_word' id='word_1_153' title='bbox 448 2541 687 2621; x_wconf 86' lang='lat' dir='ltr'>intuentibus</span> <span class='ocrx_word' id='word_1_154' title='bbox 719 2544 878 2627; x_wconf 85' lang='lat' dir='ltr'>salutem</span> <span class='ocrx_word' id='word_1_155' title='bbox 916 2539 957 2616; x_wconf 90' lang='lat' dir='ltr'>in</span> <span class='ocrx_word' id='word_1_156' title='bbox 988 2542 1162 2618; x_wconf 92' lang='lat' dir='ltr'>omnium</span> <span class='ocrx_word' id='word_1_157' title='bbox 1185 2537 1402 2618; x_wconf 68' lang='lat' dir='ltr'>salvatore</span> <span class='ocrx_word' id='word_1_158' title='bbox 1442 2543 1541 2620; x_wconf 78' lang='lat' dir='ltr'>Cum</span> <span class='ocrx_word' id='word_1_159' title='bbox 1574 2541 1643 2620; x_wconf 60' lang='lat' dir='ltr'>ins&#39;</span> 
     </span>
     <span class='ocr_line' id='line_1_19' title="bbox 118 2637 1726 2736; baseline 0 -20"><span class='ocrx_word' id='word_1_160' title='bbox 118 2659 181 2716; x_wconf 87' lang='lat' dir='ltr'>ter</span> <span class='ocrx_word' id='word_1_161' title='bbox 205 2665 284 2715; x_wconf 87' lang='lat' dir='ltr'>nos</span> <span class='ocrx_word' id='word_1_162' title='bbox 299 2659 339 2714; x_wconf 87' lang='lat' dir='ltr'>et</span> <span class='ocrx_word' id='word_1_163' title='bbox 363 2639 546 2726; x_wconf 84' lang='lat' dir='ltr'>dilectum</span> <span class='ocrx_word' id='word_1_164' title='bbox 567 2637 722 2718; x_wconf 86' lang='lat' dir='ltr'>fidelem</span> <span class='ocrx_word' id='word_1_165' title='bbox 741 2664 852 2714; x_wconf 86' lang='lat' dir='ltr'>nrum</span> <span class='ocrx_word' id='word_1_166' title='bbox 871 2639 1057 2716; x_wconf 83' lang='lat' dir='ltr'>Ulrieum·</span> <span class='ocrx_word' id='word_1_167' title='bbox 1071 2643 1120 2718; x_wconf 86' lang='lat' dir='ltr'>de</span> <span class='ocrx_word' id='word_1_168' title='bbox 1136 2638 1377 2736; x_wconf 79' lang='lat' dir='ltr'>Siegenstein</span> <span class='ocrx_word' id='word_1_169' title='bbox 1403 2653 1443 2716; x_wconf 85' lang='lat' dir='ltr'>et</span> <span class='ocrx_word' id='word_1_170' title='bbox 1468 2645 1632 2723; x_wconf 75' lang='lat' dir='ltr'>uxorem</span> <span class='ocrx_word' id='word_1_171' title='bbox 1718 2655 1726 2668; x_wconf 86' lang='lat'>&#39;</span> 
     </span>
     <span class='ocr_line' id='line_1_20' title="bbox 118 2729 1631 2840; baseline 0.001 -26"><span class='ocrx_word' id='word_1_172' title='bbox 118 2757 223 2814; x_wconf 84' lang='lat' dir='ltr'>snam</span> <span class='ocrx_word' id='word_1_173' title='bbox 253 2759 370 2837; x_wconf 42' lang='lat' dir='ltr'>wsnper</span> <span class='ocrx_word' id='word_1_174' title='bbox 395 2737 590 2814; x_wconf 87' lang='lat' dir='ltr'>advocatia</span> <span class='ocrx_word' id='word_1_175' title='bbox 621 2735 663 2814; x_wconf 92' lang='lat' dir='ltr'>in</span> <span class='ocrx_word' id='word_1_176' title='bbox 696 2729 918 2814; x_wconf 73' lang='lat' dir='ltr'>Ul&#39;hus&#39;en</span> <span class='ocrx_word' id='word_1_177' title='bbox 949 2745 1099 2840; x_wconf 87' lang='lat' dir='ltr'>questio</span> <span class='ocrx_word' id='word_1_178' title='bbox 1132 2751 1354 2830; x_wconf 86' lang='lat' dir='ltr'>verteretur,</span> <span class='ocrx_word' id='word_1_179' title='bbox 1389 2739 1523 2815; x_wconf 83' lang='lat' dir='ltr'>eadem</span> <span class='ocrx_word' id='word_1_180' title='bbox 1551 2763 1631 2816; x_wconf 67' lang='lat' dir='ltr'>mea</span> 
     </span>
     <span class='ocr_line' id='line_1_21' title="bbox 50 2831 1632 2934; baseline 0 -22"><span class='ocrx_word' id='word_1_181' title='bbox 50 2837 56 2846; x_wconf 81' lang='grc'><strong>’</strong></span> <span class='ocrx_word' id='word_1_182' title='bbox 119 2833 310 2912; x_wconf 74' lang='lat' dir='ltr'>clientibus</span> <span class='ocrx_word' id='word_1_183' title='bbox 327 2843 414 2910; x_wconf 88' lang='lat' dir='ltr'>viris</span> <span class='ocrx_word' id='word_1_184' title='bbox 434 2835 608 2913; x_wconf 87' lang='lat' dir='ltr'>discretis</span> <span class='ocrx_word' id='word_1_185' title='bbox 628 2848 668 2914; x_wconf 88' lang='lat' dir='ltr'>et</span> <span class='ocrx_word' id='word_1_186' title='bbox 688 2837 858 2912; x_wconf 82' lang='lat' dir='ltr'>honestis</span> <span class='ocrx_word' id='word_1_187' title='bbox 883 2849 940 2913; x_wconf 88' lang='lat' dir='ltr'>est</span> <span class='ocrx_word' id='word_1_188' title='bbox 966 2837 1090 2913; x_wconf 86' lang='lat' dir='ltr'>taliter</span> <span class='ocrx_word' id='word_1_189' title='bbox 1106 2831 1277 2928; x_wconf 77' lang='lat' dir='ltr'>diffinita,</span> <span class='ocrx_word' id='word_1_190' title='bbox 1303 2839 1407 2934; x_wconf 90' lang='lat' dir='ltr'>quod</span> <span class='ocrx_word' id='word_1_191' title='bbox 1431 2836 1534 2912; x_wconf 90' lang='lat' dir='ltr'>idem</span> <span class='ocrx_word' id='word_1_192' title='bbox 1562 2837 1632 2913; x_wconf 74' lang='lat' dir='ltr'>Ua</span> 
     </span>
     <span class='ocr_line' id='line_1_22' title="bbox 118 2929 1631 3048; baseline -0.001 -38"><span class='ocrx_word' id='word_1_193' title='bbox 118 2945 216 3022; x_wconf 84' lang='lat' dir='ltr'>rtous</span> <span class='ocrx_word' id='word_1_194' title='bbox 241 2946 281 3008; x_wconf 90' lang='lat' dir='ltr'>et</span> <span class='ocrx_word' id='word_1_195' title='bbox 299 2933 409 3009; x_wconf 84' lang='lat' dir='ltr'>Uxor</span> <span class='ocrx_word' id='word_1_196' title='bbox 428 2959 496 3008; x_wconf 91' lang='lat' dir='ltr'>sua</span> <span class='ocrx_word' id='word_1_197' title='bbox 516 2933 623 3009; x_wconf 88' lang='lat' dir='ltr'>omni</span> <span class='ocrx_word' id='word_1_198' title='bbox 638 2929 904 3035; x_wconf 81' lang='lat' dir='ltr'>jurisdictioni,</span> <span class='ocrx_word' id='word_1_199' title='bbox 931 2961 1044 3033; x_wconf 88' lang='lat' dir='ltr'>quarn</span> <span class='ocrx_word' id='word_1_200' title='bbox 1065 2935 1209 3010; x_wconf 86' lang='lat' dir='ltr'>habere</span> <span class='ocrx_word' id='word_1_201' title='bbox 1230 2933 1459 3010; x_wconf 85' lang='lat' dir='ltr'>videbantur</span> <span class='ocrx_word' id='word_1_202' title='bbox 1482 2934 1523 3009; x_wconf 91' lang='lat' dir='ltr'>in</span> <span class='ocrx_word' id='word_1_203' title='bbox 1549 2932 1631 3048; x_wconf 81' lang='lat' dir='ltr'>ipsa</span> 
     </span>
     <span class='ocr_line' id='line_1_23' title="bbox 119 3029 1632 3132; baseline 0.001 -25"><span class='ocrx_word' id='word_1_204' title='bbox 119 3033 323 3126; x_wconf 82' lang='lat' dir='ltr'>advocatia,</span> <span class='ocrx_word' id='word_1_205' title='bbox 355 3029 674 3122; x_wconf 73' lang='lat' dir='ltr'>renunciaverunt</span> <span class='ocrx_word' id='word_1_206' title='bbox 695 3030 851 3132; x_wconf 84' lang='lat' dir='ltr'>publice</span> <span class='ocrx_word' id='word_1_207' title='bbox 876 3044 925 3108; x_wconf 88' lang='lat' dir='ltr'>et</span> <span class='ocrx_word' id='word_1_208' title='bbox 942 3043 1096 3130; x_wconf 78' lang='lat' dir='ltr'>precise,</span> <span class='ocrx_word' id='word_1_209' title='bbox 1123 3032 1203 3106; x_wconf 90' lang='lat' dir='ltr'>Nos</span> <span class='ocrx_word' id='word_1_210' title='bbox 1227 3055 1320 3110; x_wconf 90' lang='lat' dir='ltr'>vero</span> <span class='ocrx_word' id='word_1_211' title='bbox 1341 3055 1412 3132; x_wconf 88' lang='lat' dir='ltr'>pro</span> <span class='ocrx_word' id='word_1_212' title='bbox 1432 3045 1632 3108; x_wconf 61' lang='lat' dir='ltr'>necessita*</span> 
     </span>
     <span class='ocr_line' id='line_1_24' title="bbox 119 3127 1633 3229; baseline 0.001 -22"><span class='ocrx_word' id='word_1_213' title='bbox 119 3143 160 3208; x_wconf 86' lang='lat' dir='ltr'>te</span> <span class='ocrx_word' id='word_1_214' title='bbox 185 3145 225 3206; x_wconf 89' lang='lat' dir='ltr'>et</span> <span class='ocrx_word' id='word_1_215' title='bbox 238 3129 417 3207; x_wconf 66' lang='lat' dir='ltr'>eutilitate</span> <span class='ocrx_word' id='word_1_216' title='bbox 441 3129 573 3207; x_wconf 85' lang='lat' dir='ltr'>Eeclie</span> <span class='ocrx_word' id='word_1_217' title='bbox 598 3153 669 3206; x_wconf 81' lang='lat' dir='ltr'>nte</span> <span class='ocrx_word' id='word_1_218' title='bbox 699 3130 749 3208; x_wconf 88' lang='lat' dir='ltr'>de</span> <span class='ocrx_word' id='word_1_219' title='bbox 771 3127 939 3212; x_wconf 80' lang='lat' dir='ltr'>oonsilio</span> <span class='ocrx_word' id='word_1_220' title='bbox 969 3128 1137 3229; x_wconf 82' lang='lat' dir='ltr'>Capituli</span> <span class='ocrx_word' id='word_1_221' title='bbox 1166 3140 1226 3205; x_wconf 91' lang='lat' dir='ltr'>nri</span> <span class='ocrx_word' id='word_1_222' title='bbox 1260 3143 1299 3207; x_wconf 89' lang='lat' dir='ltr'>et</span> <span class='ocrx_word' id='word_1_223' title='bbox 1328 3127 1633 3214; x_wconf 72' lang='lat' dir='ltr'>ministerialium</span> 
     </span>
    </p>

    <p class='ocr_par' dir='ltr' id='par_1_12' title="bbox 33 3225 1633 3526">
     <span class='ocr_line' id='line_1_25' title="bbox 67 3225 1633 3328; baseline -0.001 -25"><span class='ocrx_word' id='word_1_224' title='bbox 67 3248 75 3256; x_wconf 88' lang='grc'><em>·</em></span> <span class='ocrx_word' id='word_1_225' title='bbox 120 3251 278 3303; x_wconf 89' lang='lat' dir='ltr'>nrorum</span> <span class='ocrx_word' id='word_1_226' title='bbox 313 3229 473 3316; x_wconf 86' lang='lat' dir='ltr'>eandem</span> <span class='ocrx_word' id='word_1_227' title='bbox 507 3226 744 3304; x_wconf 86' lang='lat' dir='ltr'>advocatiam</span> <span class='ocrx_word' id='word_1_228' title='bbox 781 3225 1030 3328; x_wconf 77' lang='lat' dir='ltr'>obligavimus</span> <span class='ocrx_word' id='word_1_229' title='bbox 1067 3226 1216 3304; x_wconf 83' lang='lat' dir='ltr'>dileotis</span> <span class='ocrx_word' id='word_1_230' title='bbox 1254 3225 1411 3304; x_wconf 83' lang='lat' dir='ltr'>Civibus</span> <span class='ocrx_word' id='word_1_231' title='bbox 1444 3239 1633 3304; x_wconf 86' lang='lat' dir='ltr'>nostris</span> 
     </span>
     <span class='ocr_line' id='line_1_26' title="bbox 120 3323 1631 3427; baseline 0.003 -27.782"><span class='ocrx_word' id='word_1_232' title='bbox 120 3324 223 3399; x_wconf 87' lang='lat' dir='ltr'>Ratis</span> <span class='ocrx_word' id='word_1_233' title='bbox 253 3341 367 3409; x_wconf 86' lang='lat' dir='ltr'>onen&#39;.</span> <span class='ocrx_word' id='word_1_234' title='bbox 391 3327 569 3402; x_wconf 88' lang='lat' dir='ltr'>videlicet</span> <span class='ocrx_word' id='word_1_235' title='bbox 596 3325 731 3402; x_wconf 81' lang='lat' dir='ltr'>Ulrico</span> <span class='ocrx_word' id='word_1_236' title='bbox 755 3348 871 3427; x_wconf 83' lang='lat' dir='ltr'>super</span> <span class='ocrx_word' id='word_1_237' title='bbox 890 3337 1045 3402; x_wconf 86' lang='lat' dir='ltr'>moneta</span> <span class='ocrx_word' id='word_1_238' title='bbox 1065 3351 1135 3426; x_wconf 93' lang='lat' dir='ltr'>pro</span> <span class='ocrx_word' id='word_1_239' title='bbox 1153 3323 1197 3401; x_wconf 79' lang='lat' dir='ltr'>aa</span> <span class='ocrx_word' id='word_1_240' title='bbox 1224 3337 1268 3409; x_wconf 76' lang='lat' dir='ltr'>tt,</span> <span class='ocrx_word' id='word_1_241' title='bbox 1288 3325 1414 3402; x_wconf 89' lang='lat' dir='ltr'>minus</span> <span class='ocrx_word' id='word_1_242' title='bbox 1432 3327 1480 3416; x_wconf 71' lang='lat'>3⁰</span> <span class='ocrx_word' id='word_1_243' title='bbox 1500 3327 1631 3403; x_wconf 84' lang='lat' dir='ltr'>denar.</span> 
     </span>
     <span class='ocr_line' id='line_1_27' title="bbox 38 3349 1632 3526; baseline 0.001 -30"><span class='ocrx_word' id='word_1_244' title='bbox 38 3460 43 3464; x_wconf 96' lang='lat'>·</span> <span class='ocrx_word' id='word_1_245' title='bbox 120 3349 269 3496; x_wconf 72' lang='lat' dir='ltr'>oratio</span> <span class='ocrx_word' id='word_1_246' title='bbox 296 3423 345 3500; x_wconf 89' lang='lat' dir='ltr'>de</span> <span class='ocrx_word' id='word_1_247' title='bbox 373 3421 626 3501; x_wconf 75' lang='lat' dir='ltr'>Hiittelroven</span> <span class='ocrx_word' id='word_1_248' title='bbox 656 3448 727 3526; x_wconf 88' lang='lat' dir='ltr'>pro</span> <span class='ocrx_word' id='word_1_249' title='bbox 764 3423 888 3526; x_wconf 38' lang='lat' dir='ltr'>aoisa·</span> <span class='ocrx_word' id='word_1_250' title='bbox 910 3433 954 3500; x_wconf 90' lang='lat' dir='ltr'>tt.</span> <span class='ocrx_word' id='word_1_251' title='bbox 990 3423 1176 3520; x_wconf 88' lang='lat' dir='ltr'>Heinrico</span> <span class='ocrx_word' id='word_1_252' title='bbox 1200 3422 1241 3501; x_wconf 89' lang='lat' dir='ltr'>in</span> <span class='ocrx_word' id='word_1_253' title='bbox 1263 3421 1377 3498; x_wconf 90' lang='lat' dir='ltr'>Curia</span> <span class='ocrx_word' id='word_1_254' title='bbox 1401 3423 1632 3502; x_wconf 81' lang='lat' dir='ltr'>vaevoruni</span> 
     </span>
    </p>

    <p class='ocr_par' dir='ltr' id='par_1_13' title="bbox 43 3518 1746 4326">
     <span class='ocr_line' id='line_1_28' title="bbox 79 3518 1746 3692; baseline 0.003 -99"><span class='ocrx_word' id='word_1_255' title='bbox 79 3596 91 3606; x_wconf 72' lang='grc'><strong>,</strong></span> <span class='ocrx_word' id='word_1_256' title='bbox 120 3545 192 3623; x_wconf 88' lang='lat' dir='ltr'>pro</span> <span class='ocrx_word' id='word_1_257' title='bbox 217 3541 263 3598; x_wconf 87' lang='lat'>12</span> <span class='ocrx_word' id='word_1_258' title='bbox 283 3529 330 3595; x_wconf 86' lang='lat' dir='ltr'>tt.</span> <span class='ocrx_word' id='word_1_259' title='bbox 364 3539 403 3594; x_wconf 90' lang='lat' dir='ltr'>et</span> <span class='ocrx_word' id='word_1_260' title='bbox 436 3520 481 3614; x_wconf 78' lang='lat'>75</span> <span class='ocrx_word' id='word_1_261' title='bbox 509 3521 635 3597; x_wconf 84' lang='lat' dir='ltr'>denar.</span> <span class='ocrx_word' id='word_1_262' title='bbox 669 3518 1056 3598; x_wconf 85' lang='lat' dir='ltr'>Chunradooffioiali</span> <span class='ocrx_word' id='word_1_263' title='bbox 1087 3521 1128 3598; x_wconf 90' lang='lat' dir='ltr'>in</span> <span class='ocrx_word' id='word_1_264' title='bbox 1154 3521 1319 3598; x_wconf 88' lang='lat' dir='ltr'>Oriente</span> <span class='ocrx_word' id='word_1_265' title='bbox 1349 3545 1420 3692; x_wconf 64' lang='lat' dir='ltr'>pro</span> <span class='ocrx_word' id='word_1_266' title='bbox 1452 3535 1556 3598; x_wconf 81' lang='lat' dir='ltr'>ratt.</span> <span class='ocrx_word' id='word_1_267' title='bbox 1589 3537 1631 3599; x_wconf 87' lang='lat' dir='ltr'>et</span> <span class='ocrx_word' id='word_1_268' title='bbox 1735 3587 1746 3598; x_wconf 79' lang='grc'><em>.</em></span> 
     </span>
     <span class='ocr_line' id='line_1_29' title="bbox 43 3613 1632 3722; baseline 0 -30"><span class='ocrx_word' id='word_1_269' title='bbox 43 3632 49 3640; x_wconf 74' lang='grc'>“</span> <span class='ocrx_word' id='word_1_270' title='bbox 122 3639 168 3714; x_wconf 77' lang='lat'>75</span> <span class='ocrx_word' id='word_1_271' title='bbox 186 3617 312 3694; x_wconf 83' lang='lat' dir='ltr'>denar.</span> <span class='ocrx_word' id='word_1_272' title='bbox 339 3613 541 3696; x_wconf 81' lang='lat' dir='ltr'>walthero</span> <span class='ocrx_word' id='word_1_273' title='bbox 564 3621 615 3696; x_wconf 82' lang='lat' dir='ltr'>de&#39;</span> <span class='ocrx_word' id='word_1_274' title='bbox 631 3619 976 3722; x_wconf 83' lang='lat' dir='ltr'>Wasenstein-pro</span> <span class='ocrx_word' id='word_1_275' title='bbox 997 3643 1039 3711; x_wconf 79' lang='lat'>15</span> <span class='ocrx_word' id='word_1_276' title='bbox 1057 3633 1103 3696; x_wconf 89' lang='lat' dir='ltr'>tt.</span> <span class='ocrx_word' id='word_1_277' title='bbox 1121 3633 1167 3696; x_wconf 87' lang='lat' dir='ltr'>-et</span> <span class='ocrx_word' id='word_1_278' title='bbox 1187 3619 1239 3695; x_wconf 83' lang='lat' dir='ltr'>sis</span> <span class='ocrx_word' id='word_1_279' title='bbox 1261 3618 1333 3696; x_wconf 85' lang='lat' dir='ltr'>erit</span> <span class='ocrx_word' id='word_1_280' title='bbox 1377 3644 1503 3720; x_wconf 76' lang='lat' dir='ltr'>amma</span> <span class='ocrx_word' id='word_1_281' title='bbox 1521 3617 1568 3693; x_wconf 79' lang='lat'>82</span> <span class='ocrx_word' id='word_1_282' title='bbox 1586 3631 1632 3695; x_wconf 83' lang='lat' dir='ltr'>tt.</span> 
     </span>
     <span class='ocr_line' id='line_1_30' title="bbox 122 3714 1632 3830; baseline 0.003 -41"><span class='ocrx_word' id='word_1_283' title='bbox 122 3715 317 3816; x_wconf 83' lang='lat' dir='ltr'>Ratispon.</span> <span class='ocrx_word' id='word_1_284' title='bbox 335 3728 518 3808; x_wconf 67' lang='lat' dir='ltr'>monete„</span> <span class='ocrx_word' id='word_1_285' title='bbox 542 3714 631 3830; x_wconf 87' lang='lat' dir='ltr'>ipsis</span> <span class='ocrx_word' id='word_1_286' title='bbox 657 3745 702 3794; x_wconf 86' lang='lat' dir='ltr'>ao</span> <span class='ocrx_word' id='word_1_287' title='bbox 729 3745 862 3796; x_wconf 87' lang='lat' dir='ltr'>eorum</span> <span class='ocrx_word' id='word_1_288' title='bbox 888 3715 1090 3798; x_wconf 85' lang='lat' dir='ltr'>heredibus</span> <span class='ocrx_word' id='word_1_289' title='bbox 1113 3721 1176 3797; x_wconf 84' lang='lat' dir='ltr'>vel</span> <span class='ocrx_word' id='word_1_290' title='bbox 1199 3715 1294 3810; x_wconf 83' lang='lat' dir='ltr'>aliis,</span> <span class='ocrx_word' id='word_1_291' title='bbox 1328 3715 1463 3818; x_wconf 90' lang='lat' dir='ltr'>quibus</span> <span class='ocrx_word' id='word_1_292' title='bbox 1483 3715 1632 3793; x_wconf 85' lang='lat' dir='ltr'>ordina-</span> 
     </span>
     <span class='ocr_line' id='line_1_31' title="bbox 120 3812 1631 3918; baseline -0.001 -28"><span class='ocrx_word' id='word_1_293' title='bbox 120 3813 257 3907; x_wconf 83' lang='lat' dir='ltr'>verint,</span> <span class='ocrx_word' id='word_1_294' title='bbox 283 3812 397 3891; x_wconf 89' lang='lat' dir='ltr'>titulo</span> <span class='ocrx_word' id='word_1_295' title='bbox 415 3812 583 3913; x_wconf 77' lang='lat' dir='ltr'>pignoris</span> <span class='ocrx_word' id='word_1_296' title='bbox 606 3816 880 3916; x_wconf 65' lang='lat' dir='ltr'>possidendam</span> <span class='ocrx_word' id='word_1_297' title='bbox 907 3819 970 3909; x_wconf 86' lang='lat' dir='ltr'>ita,</span> <span class='ocrx_word' id='word_1_298' title='bbox 1001 3819 1107 3918; x_wconf 86' lang='lat' dir='ltr'>quod</span> <span class='ocrx_word' id='word_1_299' title='bbox 1130 3841 1204 3894; x_wconf 87' lang='lat' dir='ltr'>neo</span> <span class='ocrx_word' id='word_1_300' title='bbox 1229 3841 1311 3905; x_wconf 89' lang='lat' dir='ltr'>nos,</span> <span class='ocrx_word' id='word_1_301' title='bbox 1336 3814 1631 3898; x_wconf 83' lang='lat' dir='ltr'>neoSusoesso·</span> 
     </span>
     <span class='ocr_line' id='line_1_32' title="bbox 121 3911 1632 4018; baseline 0.001 -32"><span class='ocrx_word' id='word_1_302' title='bbox 121 3936 181 3986; x_wconf 89' lang='lat' dir='ltr'>res</span> <span class='ocrx_word' id='word_1_303' title='bbox 211 3922 268 3986; x_wconf 85' lang='lat' dir='ltr'>nri</span> <span class='ocrx_word' id='word_1_304' title='bbox 299 3921 415 4012; x_wconf 87' lang='lat' dir='ltr'>ipsam</span> <span class='ocrx_word' id='word_1_305' title='bbox 445 3911 677 3991; x_wconf 85' lang='lat' dir='ltr'>advocatiam</span> <span class='ocrx_word' id='word_1_306' title='bbox 710 3915 791 3994; x_wconf 88' lang='lat' dir='ltr'>sine</span> <span class='ocrx_word' id='word_1_307' title='bbox 823 3915 1121 4018; x_wconf 86' lang='lat' dir='ltr'>possessionibus</span> <span class='ocrx_word' id='word_1_308' title='bbox 1156 3915 1197 3991; x_wconf 90' lang='lat' dir='ltr'>in</span> <span class='ocrx_word' id='word_1_309' title='bbox 1234 3912 1447 4006; x_wconf 77' lang='lat' dir='ltr'>Ulbusen‚&#39;</span> <span class='ocrx_word' id='word_1_310' title='bbox 1468 3936 1632 4013; x_wconf 87' lang='lat' dir='ltr'>quarum</span> 
     </span>
     <span class='ocr_line' id='line_1_33' title="bbox 119 4007 1697 4114; baseline 0.001 -30"><span class='ocrx_word' id='word_1_311' title='bbox 119 4007 239 4084; x_wconf 88' lang='lat' dir='ltr'>iidem</span> <span class='ocrx_word' id='word_1_312' title='bbox 261 4007 373 4088; x_wconf 76' lang='lat' dir='ltr'>Ciies</span> <span class='ocrx_word' id='word_1_313' title='bbox 397 4007 590 4114; x_wconf 81' lang='lat' dir='ltr'>dimidiam</span> <span class='ocrx_word' id='word_1_314' title='bbox 615 4026 761 4112; x_wconf 89' lang='lat' dir='ltr'>partem</span> <span class='ocrx_word' id='word_1_315' title='bbox 785 4042 806 4090; x_wconf 88' lang='lat' dir='ltr'>a</span> <span class='ocrx_word' id='word_1_316' title='bbox 830 4011 944 4091; x_wconf 88' lang='lat' dir='ltr'>nobis</span> <span class='ocrx_word' id='word_1_317' title='bbox 970 4029 1105 4092; x_wconf 84' lang='lat' dir='ltr'>tenent</span> <span class='ocrx_word' id='word_1_318' title='bbox 1132 4012 1357 4110; x_wconf 75' lang='lat' dir='ltr'>obligatam„</span> <span class='ocrx_word' id='word_1_319' title='bbox 1382 4021 1479 4088; x_wconf 84' lang='lat' dir='ltr'>siout</span> <span class='ocrx_word' id='word_1_320' title='bbox 1509 4008 1551 4086; x_wconf 90' lang='lat' dir='ltr'>in</span> <span class='ocrx_word' id='word_1_321' title='bbox 1574 4008 1631 4085; x_wconf 91' lang='lat' dir='ltr'>in·</span> <span class='ocrx_word' id='word_1_322' title='bbox 1689 4025 1697 4034; x_wconf 82' lang='grc'><strong><em>·</em></strong></span> 
     </span>
     <span class='ocr_line' id='line_1_34' title="bbox 122 4106 1632 4213; baseline 0.002 -32"><span class='ocrx_word' id='word_1_323' title='bbox 122 4106 340 4182; x_wconf 88' lang='lat' dir='ltr'>strumentis</span> <span class='ocrx_word' id='word_1_324' title='bbox 367 4133 502 4190; x_wconf 90' lang='lat' dir='ltr'>eorum</span> <span class='ocrx_word' id='word_1_325' title='bbox 527 4134 641 4212; x_wconf 89' lang='lat' dir='ltr'>super</span> <span class='ocrx_word' id='word_1_326' title='bbox 670 4113 745 4188; x_wconf 86' lang='lat' dir='ltr'>hoc</span> <span class='ocrx_word' id='word_1_327' title='bbox 774 4111 957 4190; x_wconf 86' lang='lat' dir='ltr'>conlectis</span> <span class='ocrx_word' id='word_1_328' title='bbox 982 4111 1130 4213; x_wconf 85' lang='lat' dir='ltr'>plenius</span> <span class='ocrx_word' id='word_1_329' title='bbox 1156 4109 1391 4202; x_wconf 82' lang='lat' dir='ltr'>continetur,</span> <span class='ocrx_word' id='word_1_330' title='bbox 1425 4124 1464 4209; x_wconf 85' lang='lat' dir='ltr'>et</span> <span class='ocrx_word' id='word_1_331' title='bbox 1488 4131 1632 4209; x_wconf 86' lang='lat' dir='ltr'>posses·</span> 
     </span>
     <span class='ocr_line' id='line_1_35' title="bbox 123 4205 1650 4326; baseline -0.001 -42"><span class='ocrx_word' id='word_1_332' title='bbox 123 4205 248 4286; x_wconf 84' lang='lat' dir='ltr'>siones</span> <span class='ocrx_word' id='word_1_333' title='bbox 270 4215 352 4285; x_wconf 87' lang='lat' dir='ltr'>stne</span> <span class='ocrx_word' id='word_1_334' title='bbox 376 4207 572 4288; x_wconf 75' lang='lat' dir='ltr'>advocatia</span> <span class='ocrx_word' id='word_1_335' title='bbox 592 4209 806 4291; x_wconf 80' lang='lat' dir='ltr'>redimendi</span> <span class='ocrx_word' id='word_1_336' title='bbox 831 4209 1055 4292; x_wconf 77' lang='lat' dir='ltr'>babebimus</span> <span class='ocrx_word' id='word_1_337' title='bbox 1079 4211 1280 4312; x_wconf 78' lang='lat' dir='ltr'>&#39;aliquando</span> <span class='ocrx_word' id='word_1_338' title='bbox 1302 4209 1531 4286; x_wconf 67' lang='lat' dir='ltr'>mutatam</span> <span class='ocrx_word' id='word_1_339' title='bbox 1554 4301 1559 4326; x_wconf 34' lang='lat'>⁸</span> <span class='ocrx_word' id='word_1_340' title='bbox 1581 4205 1650 4305; x_wconf 51' lang='lat' dir='ltr'>in,</span> 
     </span>
    </p>
   </div>
   <div class='ocr_carea' id='block_1_12' title="bbox 748 4342 791 4382">
    <p class='ocr_par' dir='ltr' id='par_1_14' title="bbox 748 4342 791 4382">
     <span class='ocr_line' id='line_1_36' title="bbox 748 4342 791 4382; baseline 0 0"><span class='ocrx_word' id='word_1_341' title='bbox 748 4342 791 4382; x_wconf 61' lang='lat' dir='ltr'>b.</span> 
     </span>
    </p>
   </div>
   <div class='ocr_carea' id='block_1_13' title="bbox 0 0 1867 4848">
    <p class='ocr_par' dir='ltr' id='par_1_15' title="bbox 0 0 1867 4848">
     <span class='ocr_line' id='line_1_37' title="bbox 0 0 1867 4848; baseline 0 0"><span class='ocrx_word' id='word_1_342' title='bbox 0 0 1867 4848; x_wconf 95' lang='lat' dir='ltr'> </span> 
     </span>
    </p>
   </div>
  </div>
 </body>
</html>
