<?xml version="1.0" encoding="UTF-8"?>
<!DOCTYPE html PUBLIC "-//W3C//DTD XHTML 1.0 Transitional//EN"
    "http://www.w3.org/TR/xhtml1/DTD/xhtml1-transitional.dtd">
<html xmlns="http://www.w3.org/1999/xhtml" xml:lang="en" lang="en">
 <head>
  <title>
</title>
<meta http-equiv="Content-Type" content="text/html;charset=utf-8" />
  <meta name='ocr-system' content='tesseract 3.04.00' />
  <meta name='ocr-capabilities' content='ocr_page ocr_carea ocr_par ocr_line ocrx_word'/>
</head>
<body>
  <div class='ocr_page' id='page_1' title='image "./codexchronologi01riedgoog_0162.png"; bbox 0 0 3648 4850; ppageno 0'>
   <div class='ocr_carea' id='block_1_1' title="bbox 9 271 1752 1444">
    <p class='ocr_par' dir='ltr' id='par_1_1' title="bbox 752 271 1349 406">
     <span class='ocr_line' id='line_1_1' title="bbox 752 271 1349 406; baseline 0 -48"><span class='ocrx_word' id='word_1_1' title='bbox 752 291 826 346; x_wconf 57' lang='lat' dir='ltr'><strong>&#39;w</strong></span> <span class='ocrx_word' id='word_1_2' title='bbox 875 291 948 366; x_wconf 80' lang='lat' dir='ltr'><strong>tto</strong></span> <span class='ocrx_word' id='word_1_3' title='bbox 978 291 1070 372; x_wconf 60' lang='grc' dir='ltr'><strong>ν)</strong></span> <span class='ocrx_word' id='word_1_4' title='bbox 1150 373 1160 406; x_wconf 36' lang='lat'><strong><em>⁴</em></strong></span> <span class='ocrx_word' id='word_1_5' title='bbox 1196 271 1200 288; x_wconf 93' lang='lat'>&#39;</span> <span class='ocrx_word' id='word_1_6' title='bbox 1339 340 1349 358; x_wconf 37' lang='lat' dir='ltr'><strong>r</strong></span> 
     </span>
    </p>

    <p class='ocr_par' dir='ltr' id='par_1_2' title="bbox 51 457 1727 664">
     <span class='ocr_line' id='line_1_2' title="bbox 96 457 1666 638; baseline -0.009 -80"><span class='ocrx_word' id='word_1_7' title='bbox 96 549 99 557; x_wconf 89' lang='lat'><em>.</em></span> <span class='ocrx_word' id='word_1_8' title='bbox 129 465 272 556; x_wconf 59' lang='lat' dir='ltr'><strong>“Elatum</strong></span> <span class='ocrx_word' id='word_1_9' title='bbox 297 468 414 559; x_wconf 75' lang='lat' dir='ltr'><strong>ducit,</strong></span> <span class='ocrx_word' id='word_1_10' title='bbox 445 470 725 545; x_wconf 65' lang='lat' dir='ltr'><strong>terminantem.</strong></span> <span class='ocrx_word' id='word_1_11' title='bbox 782 459 942 544; x_wconf 76' lang='lat' dir='ltr'><strong>conatu</strong></span> <span class='ocrx_word' id='word_1_12' title='bbox 969 477 1141 638; x_wconf 53' lang='lat' dir='ltr'><strong>nemanso</strong></span> <span class='ocrx_word' id='word_1_13' title='bbox 1161 457 1264 544; x_wconf 86' lang='lat' dir='ltr'><strong>idem</strong></span> <span class='ocrx_word' id='word_1_14' title='bbox 1283 457 1512 572; x_wconf 76' lang='lat' dir='ltr'><strong>Curtiierum</strong></span> <span class='ocrx_word' id='word_1_15' title='bbox 1549 461 1666 569; x_wconf 76' lang='lat' dir='ltr'><strong>spis</strong></span> 
     </span>
     <span class='ocr_line' id='line_1_3' title="bbox 51 559 1727 664; baseline 0 -24"><span class='ocrx_word' id='word_1_16' title='bbox 51 609 55 640; x_wconf 86' lang='lat' dir='ltr'><strong>i</strong></span> <span class='ocrx_word' id='word_1_17' title='bbox 152 575 415 654; x_wconf 72' lang='lat' dir='ltr'><strong>,Antecesscre</strong></span> <span class='ocrx_word' id='word_1_18' title='bbox 441 576 584 654; x_wconf 81' lang='lat' dir='ltr'><strong>nostru,</strong></span> <span class='ocrx_word' id='word_1_19' title='bbox 611 559 796 639; x_wconf 74' lang='lat' dir='ltr'><strong>Heinrico</strong></span> <span class='ocrx_word' id='word_1_20' title='bbox 818 565 1049 664; x_wconf 77' lang='lat' dir='ltr'><strong>Imperatore</strong></span> <span class='ocrx_word' id='word_1_21' title='bbox 1104 559 1261 640; x_wconf 74' lang='lat' dir='ltr'><strong>eclesiae</strong></span> <span class='ocrx_word' id='word_1_22' title='bbox 1281 561 1507 660; x_wconf 80' lang='lat' dir='ltr'><strong>Frisingensi</strong></span> <span class='ocrx_word' id='word_1_23' title='bbox 1529 563 1580 638; x_wconf 93' lang='lat' dir='ltr'><strong>ob</strong></span> <span class='ocrx_word' id='word_1_24' title='bbox 1608 577 1668 642; x_wconf 72' lang='lat' dir='ltr'><strong>re-</strong></span> <span class='ocrx_word' id='word_1_25' title='bbox 1712 567 1727 580; x_wconf 80' lang='grc'><em>“</em></span> 
     </span>
    </p>

    <p class='ocr_par' dir='ltr' id='par_1_3' title="bbox 124 655 1669 859">
     <span class='ocr_line' id='line_1_4' title="bbox 124 655 1667 761; baseline -0.005 -15"><span class='ocrx_word' id='word_1_26' title='bbox 124 667 331 754; x_wconf 78' lang='lat' dir='ltr'><strong>‘medium</strong></span> <span class='ocrx_word' id='word_1_27' title='bbox 358 662 507 738; x_wconf 82' lang='lat' dir='ltr'><strong>animae</strong></span> <span class='ocrx_word' id='word_1_28' title='bbox 533 683 622 736; x_wconf 87' lang='lat' dir='ltr'><strong>suae</strong></span> <span class='ocrx_word' id='word_1_29' title='bbox 657 657 848 760; x_wconf 84' lang='lat' dir='ltr'><strong>fideleque</strong></span> <span class='ocrx_word' id='word_1_30' title='bbox 879 659 1132 736; x_wconf 86' lang='lat' dir='ltr'><strong>ministerium</strong></span> <span class='ocrx_word' id='word_1_31' title='bbox 1160 655 1329 761; x_wconf 86' lang='lat' dir='ltr'><strong>ejusdem</strong></span> <span class='ocrx_word' id='word_1_32' title='bbox 1351 658 1540 736; x_wconf 83' lang='lat' dir='ltr'><strong>Amisiilis</strong></span> <span class='ocrx_word' id='word_1_33' title='bbox 1570 688 1667 740; x_wconf 85' lang='lat' dir='ltr'><strong>con.-</strong></span> 
     </span>
     <span class='ocr_line' id='line_1_5' title="bbox 156 755 1669 859; baseline -0.007 -15"><span class='ocrx_word' id='word_1_34' title='bbox 156 773 347 844; x_wconf 81' lang='lat' dir='ltr'><strong>sentiente</strong></span> <span class='ocrx_word' id='word_1_35' title='bbox 370 761 484 836; x_wconf 82' lang='lat' dir='ltr'><strong>Duce</strong></span> <span class='ocrx_word' id='word_1_36' title='bbox 501 755 762 859; x_wconf 79' lang='lat' dir='ltr'><strong>Bajoariorum</strong></span> <span class='ocrx_word' id='word_1_37' title='bbox 786 759 969 837; x_wconf 80' lang='lat' dir='ltr'><strong>Hainrico</strong></span> <span class='ocrx_word' id='word_1_38' title='bbox 992 755 1180 856; x_wconf 86' lang='lat' dir='ltr'><strong>imperiali</strong></span> <span class='ocrx_word' id='word_1_39' title='bbox 1202 770 1410 858; x_wconf 80' lang='lat' dir='ltr'><strong>praecepto</strong></span> <span class='ocrx_word' id='word_1_40' title='bbox 1434 779 1669 836; x_wconf 79' lang='lat' dir='ltr'><strong>concessum.</strong></span> 
     </span>
    </p>

    <p class='ocr_par' dir='ltr' id='par_1_4' title="bbox 110 853 1752 1228">
     <span class='ocr_line' id='line_1_6' title="bbox 110 853 1752 970; baseline -0.004 -31"><span class='ocrx_word' id='word_1_41' title='bbox 110 861 132 878; x_wconf 80' lang='grc'>”</span> <span class='ocrx_word' id='word_1_42' title='bbox 159 861 244 939; x_wconf 84' lang='lat' dir='ltr'><strong>Nos</strong></span> <span class='ocrx_word' id='word_1_43' title='bbox 263 872 391 938; x_wconf 87' lang='lat' dir='ltr'><strong>autem</strong></span> <span class='ocrx_word' id='word_1_44' title='bbox 413 854 697 932; x_wconf 64' lang='lat' dir='ltr'><strong>Ecclesiasticus</strong></span> <span class='ocrx_word' id='word_1_45' title='bbox 722 857 878 935; x_wconf 83' lang='lat' dir='ltr'><strong>utilitati</strong></span> <span class='ocrx_word' id='word_1_46' title='bbox 900 853 1148 932; x_wconf 86' lang='lat' dir='ltr'><strong>nihilominus</strong></span> <span class='ocrx_word' id='word_1_47' title='bbox 1174 867 1444 961; x_wconf 81' lang='lat' dir='ltr'><strong>prospieientes</strong></span> <span class='ocrx_word' id='word_1_48' title='bbox 1466 856 1542 932; x_wconf 86' lang='lat' dir='ltr'><strong>boo</strong></span> <span class='ocrx_word' id='word_1_49' title='bbox 1559 875 1670 970; x_wconf 82' lang='lat' dir='ltr'><strong>prae-</strong></span> <span class='ocrx_word' id='word_1_50' title='bbox 1746 867 1752 876; x_wconf 81' lang='grc'><em>“</em></span> 
     </span>
     <span class='ocr_line' id='line_1_7' title="bbox 120 949 1670 1058; baseline -0.003 -24"><span class='ocrx_word' id='word_1_51' title='bbox 120 963 124 972; x_wconf 94' lang='grc'><strong>’</strong></span> <span class='ocrx_word' id='word_1_52' title='bbox 156 957 259 1040; x_wconf 82' lang='lat' dir='ltr'><strong>senti</strong></span> <span class='ocrx_word' id='word_1_53' title='bbox 285 965 491 1058; x_wconf 78' lang='lat' dir='ltr'><strong>praesepto</strong></span> <span class='ocrx_word' id='word_1_54' title='bbox 515 965 646 1028; x_wconf 83' lang='lat' dir='ltr'><strong>nostro</strong></span> <span class='ocrx_word' id='word_1_55' title='bbox 671 953 830 1034; x_wconf 80' lang='lat' dir='ltr'><strong>Curtem</strong></span> <span class='ocrx_word' id='word_1_56' title='bbox 851 951 1084 1053; x_wconf 79' lang='lat' dir='ltr'><strong>praedictam</strong></span> <span class='ocrx_word' id='word_1_57' title='bbox 1106 977 1192 1027; x_wconf 88' lang='lat' dir='ltr'><strong>cum</strong></span> <span class='ocrx_word' id='word_1_58' title='bbox 1214 952 1394 1031; x_wconf 83' lang='lat' dir='ltr'><strong>universis</strong></span> <span class='ocrx_word' id='word_1_59' title='bbox 1414 949 1599 1030; x_wconf 77' lang='lat' dir='ltr'><strong>&#39;aedificas</strong></span> <span class='ocrx_word' id='word_1_60' title='bbox 1623 980 1670 1040; x_wconf 78' lang='lat' dir='ltr'><strong>ao</strong></span> 
     </span>
     <span class='ocr_line' id='line_1_8' title="bbox 140 1047 1671 1228; baseline -0.001 -96"><span class='ocrx_word' id='word_1_61' title='bbox 140 1055 309 1228; x_wconf 59' lang='lat' dir='ltr'><strong>‚sepipm</strong></span> <span class='ocrx_word' id='word_1_62' title='bbox 329 1049 606 1128; x_wconf 77' lang='lat' dir='ltr'><strong>munitionibus</strong></span> <span class='ocrx_word' id='word_1_63' title='bbox 625 1050 683 1128; x_wconf 86' lang='lat' dir='ltr'><strong>iiii</strong></span> <span class='ocrx_word' id='word_1_64' title='bbox 703 1062 745 1127; x_wconf 88' lang='lat' dir='ltr'><strong>in</strong></span> <span class='ocrx_word' id='word_1_65' title='bbox 765 1065 996 1158; x_wconf 76' lang='lat' dir='ltr'><strong>perpetuum</strong></span> <span class='ocrx_word' id='word_1_66' title='bbox 1015 1047 1207 1130; x_wconf 86' lang='lat' dir='ltr'><strong>firmamus</strong></span> <span class='ocrx_word' id='word_1_67' title='bbox 1233 1077 1350 1128; x_wconf 83' lang='lat' dir='ltr'><strong>manu</strong></span> <span class='ocrx_word' id='word_1_68' title='bbox 1367 1050 1520 1152; x_wconf 83' lang='lat' dir='ltr'><strong>propria</strong></span> <span class='ocrx_word' id='word_1_69' title='bbox 1537 1051 1671 1130; x_wconf 71' lang='lat' dir='ltr'><strong>subtus</strong></span> 
     </span>
    </p>

    <p class='ocr_par' dir='ltr' id='par_1_5' title="bbox 9 1165 396 1232">
     <span class='ocr_line' id='line_1_9' title="bbox 9 1165 396 1232; baseline -0.013 0"><span class='ocrx_word' id='word_1_70' title='bbox 9 1196 18 1204; x_wconf 94' lang='lat'>·</span> <span class='ocrx_word' id='word_1_71' title='bbox 160 1179 205 1232; x_wconf 79' lang='lat' dir='ltr'><strong>ro</strong></span> <span class='ocrx_word' id='word_1_72' title='bbox 259 1165 396 1228; x_wconf 80' lang='lat' dir='ltr'><strong>ramea</strong></span> 
     </span>
    </p>

    <p class='ocr_par' dir='ltr' id='par_1_6' title="bbox 13 1231 1670 1444">
     <span class='ocr_line' id='line_1_10' title="bbox 258 1237 1670 1346; baseline 0 -22"><span class='ocrx_word' id='word_1_73' title='bbox 258 1249 351 1336; x_wconf 81' lang='lat' dir='ltr'><strong>Dat.¹</strong></span> <span class='ocrx_word' id='word_1_74' title='bbox 368 1247 460 1346; x_wconf 61' lang='lat'>¹111„</span> <span class='ocrx_word' id='word_1_75' title='bbox 486 1247 569 1323; x_wconf 77' lang='lat' dir='ltr'><strong>itai.</strong></span> <span class='ocrx_word' id='word_1_76' title='bbox 596 1241 840 1346; x_wconf 79' lang='lat' dir='ltr'><strong>Septembris,</strong></span> <span class='ocrx_word' id='word_1_77' title='bbox 876 1237 1093 1330; x_wconf 67' lang='lat' dir='ltr'><strong>indictione</strong></span> <span class='ocrx_word' id='word_1_78' title='bbox 1108 1237 1207 1326; x_wconf 78' lang='lat' dir='ltr'><strong>‘Vll</strong></span> <span class='ocrx_word' id='word_1_79' title='bbox 1240 1271 1342 1322; x_wconf 85' lang='lat' dir='ltr'><strong>anno</strong></span> <span class='ocrx_word' id='word_1_80' title='bbox 1366 1243 1543 1326; x_wconf 84' lang='lat' dir='ltr'><strong>Domini.</strong></span> <span class='ocrx_word' id='word_1_81' title='bbox 1559 1269 1670 1344; x_wconf 68' lang='lat' dir='ltr'><strong>toan.</strong></span> 
     </span>
     <span class='ocr_line' id='line_1_11' title="bbox 157 1342 1593 1444; baseline -0.004 -14"><span class='ocrx_word' id='word_1_82' title='bbox 157 1372 263 1430; x_wconf 66' lang='lat' dir='ltr'><strong>uno</strong></span> <span class='ocrx_word' id='word_1_83' title='bbox 283 1350 311 1424; x_wconf 88' lang='lat' dir='ltr'><strong>i.</strong></span> <span class='ocrx_word' id='word_1_84' title='bbox 325 1347 471 1444; x_wconf 76' lang='lat' dir='ltr'><strong>Domni</strong></span> <span class='ocrx_word' id='word_1_85' title='bbox 493 1344 686 1442; x_wconf 71' lang='lat' dir='ltr'><strong>Cmtnradi</strong></span> <span class='ocrx_word' id='word_1_86' title='bbox 709 1342 868 1424; x_wconf 63' lang='lat' dir='ltr'><strong>oranti</strong></span> <span class='ocrx_word' id='word_1_87' title='bbox 888 1343 1108 1442; x_wconf 80' lang='lat' dir='ltr'><strong>Regnantis.</strong></span> <span class='ocrx_word' id='word_1_88' title='bbox 1131 1343 1274 1423; x_wconf 84' lang='lat' dir='ltr'><strong>Actum</strong></span> <span class='ocrx_word' id='word_1_89' title='bbox 1297 1343 1593 1442; x_wconf 76' lang='lat' dir='ltr'><strong>Magunciae.</strong></span> 
     </span>
    </p>
   </div>
   <div class='ocr_carea' id='block_1_2' title="bbox 505 1620 1425 1777">
    <p class='ocr_par' dir='ltr' id='par_1_7' title="bbox 505 1620 1425 1777">
     <span class='ocr_line' id='line_1_12' title="bbox 505 1620 1425 1777; baseline 0.003 -34"><span class='ocrx_word' id='word_1_90' title='bbox 505 1667 621 1777; x_wconf 80' lang='lat' dir='ltr'><strong>Num.</strong></span> <span class='ocrx_word' id='word_1_91' title='bbox 647 1665 864 1768; x_wconf 73' lang='lat' dir='ltr'><strong>cxtvitt</strong></span> <span class='ocrx_word' id='word_1_92' title='bbox 916 1667 1027 1764; x_wconf 80' lang='lat' dir='ltr'><strong>Circa</strong></span> <span class='ocrx_word' id='word_1_93' title='bbox 1047 1620 1195 1746; x_wconf 74' lang='lat' dir='ltr'><strong>annum</strong></span> <span class='ocrx_word' id='word_1_94' title='bbox 1222 1681 1326 1772; x_wconf 69' lang='lat'><strong>¹⁰²4·</strong></span> <span class='ocrx_word' id='word_1_95' title='bbox 1422 1763 1425 1770; x_wconf 27' lang='grc' dir='ltr'>Ι</span> 
     </span>
    </p>
   </div>
   <div class='ocr_carea' id='block_1_3' title="bbox 112 1796 1629 2026">
    <p class='ocr_par' dir='ltr' id='par_1_8' title="bbox 112 1796 1629 2026">
     <span class='ocr_line' id='line_1_13' title="bbox 154 1796 1629 1930; baseline 0.003 -24"><span class='ocrx_word' id='word_1_96' title='bbox 154 1823 167 1878; x_wconf 82' lang='lat'><strong>.&#39;·</strong></span> <span class='ocrx_word' id='word_1_97' title='bbox 197 1847 435 1930; x_wconf 68' lang='lat' dir='ltr'><strong>complacitatio</strong></span> <span class='ocrx_word' id='word_1_98' title='bbox 463 1843 544 1906; x_wconf 64' lang='lat' dir='ltr'><strong>{aab</strong></span> <span class='ocrx_word' id='word_1_99' title='bbox 572 1841 657 1904; x_wconf 84' lang='lat' dir='ltr'><strong>inter</strong></span> <span class='ocrx_word' id='word_1_100' title='bbox 686 1796 880 1924; x_wconf 71' lang='lat' dir='ltr'><strong>egilbertum</strong></span> <span class='ocrx_word' id='word_1_101' title='bbox 908 1828 1036 1924; x_wconf 68' lang='lat' dir='ltr'><strong>snsirg·</strong></span> <span class='ocrx_word' id='word_1_102' title='bbox 1064 1849 1099 1904; x_wconf 82' lang='lat' dir='ltr'><strong>et</strong></span> <span class='ocrx_word' id='word_1_103' title='bbox 1124 1833 1629 1910; x_wconf 65' lang='lat' dir='ltr'><strong>&amp;miamin-nathinnae-</strong></span> 
     </span>
     <span class='ocr_line' id='line_1_14' title="bbox 112 1947 1152 2026; baseline 0.024 -35"><span class='ocrx_word' id='word_1_104' title='bbox 112 1947 122 1972; x_wconf 55' lang='lat' dir='ltr'><strong>i</strong></span> <span class='ocrx_word' id='word_1_105' title='bbox 869 1950 961 2026; x_wconf 75' lang='lat' dir='ltr'><strong>Epos-</strong></span> <span class='ocrx_word' id='word_1_106' title='bbox 1049 1997 1055 2015; x_wconf 93' lang='lat'>.</span> <span class='ocrx_word' id='word_1_107' title='bbox 1148 2008 1152 2016; x_wconf 95' lang='lat'><em>.</em></span> 
     </span>
    </p>
   </div>
   <div class='ocr_carea' id='block_1_4' title="bbox 436 2065 1365 2188">
    <p class='ocr_par' dir='ltr' id='par_1_9' title="bbox 436 2065 1365 2188">
     <span class='ocr_line' id='line_1_15' title="bbox 436 2065 1365 2188; baseline 0.004 -35"><span class='ocrx_word' id='word_1_108' title='bbox 436 2101 439 2110; x_wconf 86' lang='grc'><strong>“</strong></span> <span class='ocrx_word' id='word_1_109' title='bbox 460 2091 523 2170; x_wconf 43' lang='lat' dir='ltr'><strong>,Ee</strong></span> <span class='ocrx_word' id='word_1_110' title='bbox 540 2065 743 2188; x_wconf 70' lang='lat' dir='ltr'><strong>Meicittbeali</strong></span> <span class='ocrx_word' id='word_1_111' title='bbox 764 2087 785 2152; x_wconf 80' lang='lat' dir='ltr'><strong>i.</strong></span> <span class='ocrx_word' id='word_1_112' title='bbox 804 2111 833 2152; x_wconf 79' lang='lat' dir='ltr'><strong>e.</strong></span> <span class='ocrx_word' id='word_1_113' title='bbox 855 2087 883 2150; x_wconf 79' lang='lat'><strong>1.</strong></span> <span class='ocrx_word' id='word_1_114' title='bbox 904 2077 940 2151; x_wconf 77' lang='lat' dir='ltr'><strong>ie</strong></span> <span class='ocrx_word' id='word_1_115' title='bbox 961 2089 1079 2154; x_wconf 74' lang='lat' dir='ltr'><strong>Codice</strong></span> <span class='ocrx_word' id='word_1_116' title='bbox 1098 2089 1272 2180; x_wconf 60' lang='lat' dir='ltr'><strong>diplomat.</strong></span> <span class='ocrx_word' id='word_1_117' title='bbox 1293 2111 1365 2176; x_wconf 78' lang='lat'><strong>49⁰·</strong></span> 
     </span>
    </p>
   </div>
   <div class='ocr_carea' id='block_1_5' title="bbox 27 2219 1821 4276">
    <p class='ocr_par' dir='ltr' id='par_1_10' title="bbox 159 2219 1671 2718">
     <span class='ocr_line' id='line_1_16' title="bbox 259 2219 1670 2322; baseline 0 -22"><span class='ocrx_word' id='word_1_118' title='bbox 259 2223 395 2302; x_wconf 78' lang='lat' dir='ltr'><strong>Postea</strong></span> <span class='ocrx_word' id='word_1_119' title='bbox 424 2219 520 2300; x_wconf 87' lang='lat' dir='ltr'><strong>item</strong></span> <span class='ocrx_word' id='word_1_120' title='bbox 549 2224 670 2319; x_wconf 78' lang='lat' dir='ltr'><strong>longo</strong></span> <span class='ocrx_word' id='word_1_121' title='bbox 698 2220 880 2321; x_wconf 79' lang='lat' dir='ltr'><strong>temporis</strong></span> <span class='ocrx_word' id='word_1_122' title='bbox 908 2219 1108 2300; x_wconf 82' lang='lat' dir='ltr'><strong>intervallo</strong></span> <span class='ocrx_word' id='word_1_123' title='bbox 1145 2221 1298 2322; x_wconf 75' lang='lat' dir='ltr'><strong>placuit,</strong></span> <span class='ocrx_word' id='word_1_124' title='bbox 1332 2235 1449 2322; x_wconf 81' lang='lat' dir='ltr'><strong>atqua</strong></span> <span class='ocrx_word' id='word_1_125' title='bbox 1483 2222 1670 2301; x_wconf 83' lang='lat' dir='ltr'><strong>convenit</strong></span> 
     </span>
     <span class='ocr_line' id='line_1_17' title="bbox 160 2318 1671 2422; baseline 0.002 -26"><span class='ocrx_word' id='word_1_126' title='bbox 160 2318 262 2404; x_wconf 74' lang='lat' dir='ltr'><strong>tuter</strong></span> <span class='ocrx_word' id='word_1_127' title='bbox 289 2323 381 2398; x_wconf 89' lang='lat' dir='ltr'><strong>duos</strong></span> <span class='ocrx_word' id='word_1_128' title='bbox 406 2333 557 2395; x_wconf 88' lang='lat' dir='ltr'><strong>sanctae</strong></span> <span class='ocrx_word' id='word_1_129' title='bbox 579 2319 775 2395; x_wconf 76' lang='lat' dir='ltr'><strong>Ecclesiae</strong></span> <span class='ocrx_word' id='word_1_130' title='bbox 797 2323 1034 2422; x_wconf 83' lang='lat' dir='ltr'><strong>venerandos</strong></span> <span class='ocrx_word' id='word_1_131' title='bbox 1060 2319 1278 2414; x_wconf 77' lang='lat' dir='ltr'><strong>Pontifices,</strong></span> <span class='ocrx_word' id='word_1_132' title='bbox 1303 2321 1540 2418; x_wconf 84' lang='lat' dir='ltr'><strong>Egilbertum</strong></span> <span class='ocrx_word' id='word_1_133' title='bbox 1564 2321 1671 2399; x_wconf 85' lang='lat' dir='ltr'><strong>vide·</strong></span> 
     </span>
     <span class='ocr_line' id='line_1_18' title="bbox 160 2417 1670 2518; baseline -0.001 -19"><span class='ocrx_word' id='word_1_134' title='bbox 160 2423 253 2499; x_wconf 87' lang='lat' dir='ltr'><strong>licet</strong></span> <span class='ocrx_word' id='word_1_135' title='bbox 288 2433 329 2496; x_wconf 87' lang='lat' dir='ltr'><strong>et</strong></span> <span class='ocrx_word' id='word_1_136' title='bbox 350 2417 682 2494; x_wconf 84' lang='lat' dir='ltr'><strong>Gebehar&#39;dum</strong></span> <span class='ocrx_word' id='word_1_137' title='bbox 716 2419 903 2518; x_wconf 82' lang='lat' dir='ltr'><strong>quandam</strong></span> <span class='ocrx_word' id='word_1_138' title='bbox 934 2417 1303 2517; x_wconf 67' lang='lat' dir='ltr'><strong>complacitationem</strong></span> <span class='ocrx_word' id='word_1_139' title='bbox 1334 2421 1470 2509; x_wconf 80' lang='lat' dir='ltr'><strong>lacere,</strong></span> <span class='ocrx_word' id='word_1_140' title='bbox 1503 2429 1598 2494; x_wconf 86' lang='lat' dir='ltr'><strong>sicut</strong></span> <span class='ocrx_word' id='word_1_141' title='bbox 1625 2435 1670 2499; x_wconf 83' lang='lat' dir='ltr'><strong>et</strong></span> 
     </span>
     <span class='ocr_line' id='line_1_19' title="bbox 159 2513 1671 2620; baseline -0.004 -24"><span class='ocrx_word' id='word_1_142' title='bbox 159 2519 345 2620; x_wconf 63' lang='lat' dir='ltr'><strong>iecepunt.</strong></span> <span class='ocrx_word' id='word_1_143' title='bbox 383 2513 614 2600; x_wconf 74' lang='lat' dir='ltr'><strong>Praedictus</strong></span> <span class='ocrx_word' id='word_1_144' title='bbox 643 2524 771 2614; x_wconf 89' lang='lat' dir='ltr'><strong>itaque</strong></span> <span class='ocrx_word' id='word_1_145' title='bbox 791 2515 961 2591; x_wconf 83' lang='lat' dir='ltr'><strong>Antistes</strong></span> <span class='ocrx_word' id='word_1_146' title='bbox 990 2517 1287 2616; x_wconf 84' lang='lat' dir='ltr'><strong>Radasponensis</strong></span> <span class='ocrx_word' id='word_1_147' title='bbox 1312 2515 1564 2592; x_wconf 83' lang='lat' dir='ltr'><strong>Gebehardus</strong></span> <span class='ocrx_word' id='word_1_148' title='bbox 1599 2543 1671 2618; x_wconf 80' lang='lat' dir='ltr'><strong>nu·</strong></span> 
     </span>
     <span class='ocr_line' id='line_1_20' title="bbox 161 2611 1670 2718; baseline 0.001 -29"><span class='ocrx_word' id='word_1_149' title='bbox 161 2629 268 2718; x_wconf 88' lang='lat' dir='ltr'><strong>piens</strong></span> <span class='ocrx_word' id='word_1_150' title='bbox 283 2640 331 2691; x_wconf 80' lang='lat' dir='ltr'><strong>ex</strong></span> <span class='ocrx_word' id='word_1_151' title='bbox 346 2611 459 2690; x_wconf 86' lang='lat' dir='ltr'><strong>rebus</strong></span> <span class='ocrx_word' id='word_1_152' title='bbox 478 2621 636 2686; x_wconf 80' lang='lat' dir='ltr'><strong>terrenis</strong></span> <span class='ocrx_word' id='word_1_153' title='bbox 658 2623 697 2686; x_wconf 88' lang='lat' dir='ltr'><strong>et</strong></span> <span class='ocrx_word' id='word_1_154' title='bbox 718 2613 867 2689; x_wconf 86' lang='lat' dir='ltr'>caducis</span> <span class='ocrx_word' id='word_1_155' title='bbox 884 2635 1038 2689; x_wconf 87' lang='lat' dir='ltr'><strong>aeterna</strong></span> <span class='ocrx_word' id='word_1_156' title='bbox 1056 2625 1204 2690; x_wconf 87' lang='lat' dir='ltr'><strong>animae</strong></span> <span class='ocrx_word' id='word_1_157' title='bbox 1226 2634 1315 2690; x_wconf 87' lang='lat' dir='ltr'><strong>suae</strong></span> <span class='ocrx_word' id='word_1_158' title='bbox 1337 2613 1536 2690; x_wconf 82' lang='lat' dir='ltr'><strong>commoda</strong></span> <span class='ocrx_word' id='word_1_159' title='bbox 1588 2638 1670 2691; x_wconf 82' lang='lat' dir='ltr'><strong>rae·</strong></span> 
     </span>
    </p>

    <p class='ocr_par' dir='ltr' id='par_1_11' title="bbox 27 2707 1821 4276">
     <span class='ocr_line' id='line_1_21' title="bbox 66 2707 1671 2814; baseline 0 -28"><span class='ocrx_word' id='word_1_160' title='bbox 66 2757 76 2774; x_wconf 91' lang='lat'><strong>·</strong></span> <span class='ocrx_word' id='word_1_161' title='bbox 160 2735 304 2814; x_wconf 84' lang='lat' dir='ltr'><strong>parare,</strong></span> <span class='ocrx_word' id='word_1_162' title='bbox 337 2710 490 2786; x_wconf 76' lang='lat' dir='ltr'><strong>tradidit</strong></span> <span class='ocrx_word' id='word_1_163' title='bbox 513 2737 602 2786; x_wconf 81' lang='lat' dir='ltr'><strong>cum</strong></span> <span class='ocrx_word' id='word_1_164' title='bbox 624 2735 738 2784; x_wconf 84' lang='lat' dir='ltr'><strong>manu</strong></span> <span class='ocrx_word' id='word_1_165' title='bbox 764 2709 938 2786; x_wconf 87' lang='lat' dir='ltr'><strong>advocati</strong></span> <span class='ocrx_word' id='word_1_166' title='bbox 965 2707 1023 2786; x_wconf 88' lang='lat' dir='ltr'><strong>sui</strong></span> <span class='ocrx_word' id='word_1_167' title='bbox 1045 2711 1306 2812; x_wconf 85' lang='lat' dir='ltr'><strong>Willipatonis</strong></span> <span class='ocrx_word' id='word_1_168' title='bbox 1326 2711 1367 2786; x_wconf 89' lang='lat' dir='ltr'><strong>in</strong></span> <span class='ocrx_word' id='word_1_169' title='bbox 1392 2736 1523 2784; x_wconf 84' lang='lat' dir='ltr'><strong>manus</strong></span> <span class='ocrx_word' id='word_1_170' title='bbox 1563 2735 1671 2786; x_wconf 62' lang='lat' dir='ltr'><strong>¹eve·</strong></span> 
     </span>
     <span class='ocr_line' id='line_1_22' title="bbox 76 2805 1670 2918; baseline -0.001 -33"><span class='ocrx_word' id='word_1_171' title='bbox 76 2833 82 2840; x_wconf 86' lang='lat'>·</span> <span class='ocrx_word' id='word_1_172' title='bbox 161 2807 271 2886; x_wconf 88' lang='lat' dir='ltr'><strong>rendi</strong></span> <span class='ocrx_word' id='word_1_173' title='bbox 292 2806 477 2901; x_wconf 81' lang='lat' dir='ltr'><strong>Egilberti</strong></span> <span class='ocrx_word' id='word_1_174' title='bbox 505 2805 748 2918; x_wconf 72' lang='lat' dir='ltr'><strong>Frisingensis</strong></span> <span class='ocrx_word' id='word_1_175' title='bbox 773 2806 848 2906; x_wconf 88' lang='lat' dir='ltr'><strong>Epi</strong></span> <span class='ocrx_word' id='word_1_176' title='bbox 876 2821 915 2882; x_wconf 85' lang='lat' dir='ltr'><strong>ot</strong></span> <span class='ocrx_word' id='word_1_177' title='bbox 946 2811 1120 2883; x_wconf 81' lang='lat' dir='ltr'><strong>advocati</strong></span> <span class='ocrx_word' id='word_1_178' title='bbox 1148 2810 1209 2884; x_wconf 88' lang='lat' dir='ltr'><strong>sui</strong></span> <span class='ocrx_word' id='word_1_179' title='bbox 1235 2807 1451 2884; x_wconf 85' lang='lat' dir='ltr'><strong>Helmberti</strong></span> <span class='ocrx_word' id='word_1_180' title='bbox 1474 2808 1524 2880; x_wconf 80' lang='lat' dir='ltr'><strong>a&#39;d</strong></span> <span class='ocrx_word' id='word_1_181' title='bbox 1549 2811 1670 2884; x_wconf 74' lang='lat' dir='ltr'><strong>attare</strong></span> 
     </span>
     <span class='ocr_line' id='line_1_23' title="bbox 89 2901 1671 3004; baseline -0.003 -19"><span class='ocrx_word' id='word_1_182' title='bbox 89 2929 93 2936; x_wconf 84' lang='grc'><strong>’</strong></span> <span class='ocrx_word' id='word_1_183' title='bbox 159 2923 311 2985; x_wconf 84' lang='lat' dir='ltr'><strong>sanotae</strong></span> <span class='ocrx_word' id='word_1_184' title='bbox 325 2903 467 2978; x_wconf 86' lang='lat' dir='ltr'><strong>Mariae</strong></span> <span class='ocrx_word' id='word_1_185' title='bbox 489 2901 656 2998; x_wconf 76' lang='lat' dir='ltr'><strong>Virginis</strong></span> <span class='ocrx_word' id='word_1_186' title='bbox 679 2905 874 3004; x_wconf 84' lang='lat' dir='ltr'><strong>sanctique</strong></span> <span class='ocrx_word' id='word_1_187' title='bbox 894 2904 1117 2981; x_wconf 87' lang='lat' dir='ltr'><strong>Corbiniani</strong></span> <span class='ocrx_word' id='word_1_188' title='bbox 1145 2903 1365 2994; x_wconf 76' lang='lat' dir='ltr'><strong>confessoris</strong></span> <span class='ocrx_word' id='word_1_189' title='bbox 1385 2901 1536 2997; x_wconf 84' lang='lat' dir='ltr'><strong>Christi,</strong></span> <span class='ocrx_word' id='word_1_190' title='bbox 1550 2905 1671 3004; x_wconf 71' lang='lat' dir='ltr'><strong>quio·</strong></span> 
     </span>
     <span class='ocr_line' id='line_1_24' title="bbox 162 2997 1773 3119; baseline 0.001 -41"><span class='ocrx_word' id='word_1_191' title='bbox 162 3005 255 3119; x_wconf 81' lang='lat' dir='ltr'><strong>quid</strong></span> <span class='ocrx_word' id='word_1_192' title='bbox 282 2997 364 3078; x_wconf 82' lang='lat' dir='ltr'><strong>&#39;ure</strong></span> <span class='ocrx_word' id='word_1_193' title='bbox 388 2999 638 3076; x_wconf 78' lang='lat' dir='ltr'><strong>haereditario</strong></span> <span class='ocrx_word' id='word_1_194' title='bbox 664 2998 705 3074; x_wconf 89' lang='lat' dir='ltr'><strong>iu</strong></span> <span class='ocrx_word' id='word_1_195' title='bbox 731 3005 826 3077; x_wconf 85' lang='lat' dir='ltr'><strong>loco·</strong></span> <span class='ocrx_word' id='word_1_196' title='bbox 845 3001 1023 3097; x_wconf 86' lang='lat' dir='ltr'><strong>Legian</strong></span> <span class='ocrx_word' id='word_1_197' title='bbox 1057 3002 1159 3077; x_wconf 86' lang='lat' dir='ltr'><strong>dicto</strong></span> <span class='ocrx_word' id='word_1_198' title='bbox 1188 3002 1331 3094; x_wconf 81' lang='lat' dir='ltr'><strong>habuit,</strong></span> <span class='ocrx_word' id='word_1_199' title='bbox 1365 3013 1405 3075; x_wconf 92' lang='lat' dir='ltr'><strong>in</strong></span> <span class='ocrx_word' id='word_1_200' title='bbox 1425 3025 1531 3076; x_wconf 90' lang='lat' dir='ltr'><strong>usum</strong></span> <span class='ocrx_word' id='word_1_201' title='bbox 1559 3003 1670 3079; x_wconf 62' lang='lat' dir='ltr'><strong>vide⁸</strong></span> <span class='ocrx_word' id='word_1_202' title='bbox 1760 3051 1773 3068; x_wconf 89' lang='lat'><strong>·</strong></span> 
     </span>
     <span class='ocr_line' id='line_1_25' title="bbox 157 3029 1671 3201; baseline -0.003 -22"><span class='ocrx_word' id='word_1_203' title='bbox 157 3105 251 3197; x_wconf 43' lang='lat' dir='ltr'><strong>,licet</strong></span> <span class='ocrx_word' id='word_1_204' title='bbox 275 3029 558 3176; x_wconf 72' lang='lat' dir='ltr'><strong>banonicorum</strong></span> <span class='ocrx_word' id='word_1_205' title='bbox 585 3097 673 3174; x_wconf 90' lang='lat' dir='ltr'><strong>Deo</strong></span> <span class='ocrx_word' id='word_1_206' title='bbox 709 3099 802 3174; x_wconf 90' lang='lat' dir='ltr'><strong>inibi</strong></span> <span class='ocrx_word' id='word_1_207' title='bbox 822 3095 961 3201; x_wconf 78' lang='lat' dir='ltr'><strong>jugiter</strong></span> <span class='ocrx_word' id='word_1_208' title='bbox 989 3099 1248 3176; x_wconf 82' lang='lat' dir='ltr'><strong>famulantium</strong></span> <span class='ocrx_word' id='word_1_209' title='bbox 1277 3099 1420 3200; x_wconf 83' lang='lat' dir='ltr'><strong>absque</strong></span> <span class='ocrx_word' id='word_1_210' title='bbox 1449 3097 1554 3188; x_wconf 82' lang='lat' dir='ltr'><strong>omni</strong></span> <span class='ocrx_word' id='word_1_211' title='bbox 1577 3125 1671 3176; x_wconf 85' lang='lat' dir='ltr'><strong>con-</strong></span> 
     </span>
     <span class='ocr_line' id='line_1_26' title="bbox 161 3192 1809 3298; baseline 0 -26"><span class='ocrx_word' id='word_1_212' title='bbox 161 3197 384 3274; x_wconf 83' lang='lat' dir='ltr'><strong>trcdietioue</strong></span> <span class='ocrx_word' id='word_1_213' title='bbox 410 3209 498 3296; x_wconf 82' lang='lat' dir='ltr'><strong>post</strong></span> <span class='ocrx_word' id='word_1_214' title='bbox 530 3192 646 3272; x_wconf 86' lang='lat' dir='ltr'><strong>finem</strong></span> <span class='ocrx_word' id='word_1_215' title='bbox 681 3193 780 3271; x_wconf 84' lang='lat' dir='ltr'><strong>vitae</strong></span> <span class='ocrx_word' id='word_1_216' title='bbox 820 3221 909 3272; x_wconf 87' lang='lat' dir='ltr'><strong>suae</strong></span> <span class='ocrx_word' id='word_1_217' title='bbox 943 3218 1130 3297; x_wconf 85' lang='lat' dir='ltr'><strong>perpetuo</strong></span> <span class='ocrx_word' id='word_1_218' title='bbox 1161 3199 1406 3276; x_wconf 78' lang='lat' dir='ltr'><strong>existendum</strong></span> <span class='ocrx_word' id='word_1_219' title='bbox 1441 3223 1530 3270; x_wconf 90' lang='lat' dir='ltr'><strong>cum</strong></span> <span class='ocrx_word' id='word_1_220' title='bbox 1562 3221 1671 3272; x_wconf 86' lang='lat' dir='ltr'><strong>man·</strong></span> <span class='ocrx_word' id='word_1_221' title='bbox 1784 3288 1809 3298; x_wconf 89' lang='lat'><strong>..</strong></span> 
     </span>
     <span class='ocr_line' id='line_1_27' title="bbox 163 3289 1668 3394; baseline -0.003 -22"><span class='ocrx_word' id='word_1_222' title='bbox 163 3293 269 3394; x_wconf 84' lang='lat' dir='ltr'><strong>cipiis</strong></span> <span class='ocrx_word' id='word_1_223' title='bbox 296 3293 414 3368; x_wconf 86' lang='lat' dir='ltr'><strong>utrius</strong></span> <span class='ocrx_word' id='word_1_224' title='bbox 443 3318 491 3367; x_wconf 89' lang='lat' dir='ltr'><strong>ue</strong></span> <span class='ocrx_word' id='word_1_225' title='bbox 522 3318 644 3383; x_wconf 86' lang='lat' dir='ltr'><strong>sexus,</strong></span> <span class='ocrx_word' id='word_1_226' title='bbox 676 3289 868 3386; x_wconf 88' lang='lat' dir='ltr'><strong>aedificiis,</strong></span> <span class='ocrx_word' id='word_1_227' title='bbox 898 3295 1007 3388; x_wconf 82' lang='lat' dir='ltr'><strong>silvis,</strong></span> <span class='ocrx_word' id='word_1_228' title='bbox 1039 3295 1305 3372; x_wconf 83' lang='lat' dir='ltr'><strong>venationibus</strong></span> <span class='ocrx_word' id='word_1_229' title='bbox 1337 3309 1376 3372; x_wconf 90' lang='lat' dir='ltr'><strong>et</strong></span> <span class='ocrx_word' id='word_1_230' title='bbox 1407 3294 1583 3368; x_wconf 85' lang='lat' dir='ltr'><strong>&#39;omnibus</strong></span> <span class='ocrx_word' id='word_1_231' title='bbox 1615 3293 1668 3368; x_wconf 86' lang='lat' dir='ltr'><strong>ad</strong></span> 
     </span>
     <span class='ocr_line' id='line_1_28' title="bbox 27 3388 1668 3490; baseline -0.002 -21"><span class='ocrx_word' id='word_1_232' title='bbox 27 3405 32 3414; x_wconf 92' lang='lat'>&#39;</span> <span class='ocrx_word' id='word_1_233' title='bbox 161 3394 291 3469; x_wconf 88' lang='lat' dir='ltr'><strong>locum</strong></span> <span class='ocrx_word' id='word_1_234' title='bbox 318 3413 405 3488; x_wconf 86' lang='lat' dir='ltr'><strong>prae</strong></span> <span class='ocrx_word' id='word_1_235' title='bbox 436 3403 550 3464; x_wconf 86' lang='lat' dir='ltr'><strong>ictum</strong></span> <span class='ocrx_word' id='word_1_236' title='bbox 574 3388 861 3490; x_wconf 87' lang='lat' dir='ltr'><strong>pertinentibus.</strong></span> <span class='ocrx_word' id='word_1_237' title='bbox 911 3393 1078 3468; x_wconf 84' lang='lat' dir='ltr'><strong>Econtra</strong></span> <span class='ocrx_word' id='word_1_238' title='bbox 1126 3393 1180 3468; x_wconf 88' lang='lat' dir='ltr'><strong>ius</strong></span> <span class='ocrx_word' id='word_1_239' title='bbox 1194 3395 1326 3470; x_wconf 86' lang='lat' dir='ltr'><strong>Pastor</strong></span> <span class='ocrx_word' id='word_1_240' title='bbox 1341 3392 1668 3489; x_wconf 77' lang='lat' dir='ltr'><strong>Egilbertuscum</strong></span> 
     </span>
     <span class='ocr_line' id='line_1_29' title="bbox 96 3419 1787 3590; baseline -0.002 -25"><span class='ocrx_word' id='word_1_241' title='bbox 96 3505 101 3512; x_wconf 78' lang='grc'><em>“</em></span> <span class='ocrx_word' id='word_1_242' title='bbox 164 3485 322 3565; x_wconf 90' lang='lat' dir='ltr'><strong>consilio</strong></span> <span class='ocrx_word' id='word_1_243' title='bbox 348 3507 387 3562; x_wconf 86' lang='lat' dir='ltr'><strong>et</strong></span> <span class='ocrx_word' id='word_1_244' title='bbox 410 3511 597 3564; x_wconf 87' lang='lat' dir='ltr'><strong>consensu</strong></span> <span class='ocrx_word' id='word_1_245' title='bbox 618 3514 773 3563; x_wconf 87' lang='lat' dir='ltr'><strong>suorum</strong></span> <span class='ocrx_word' id='word_1_246' title='bbox 795 3485 965 3564; x_wconf 86' lang='lat' dir='ltr'><strong>fidelium</strong></span> <span class='ocrx_word' id='word_1_247' title='bbox 991 3419 1187 3568; x_wconf 80' lang='lat' dir='ltr'><strong>retmiidit</strong></span> <span class='ocrx_word' id='word_1_248' title='bbox 1214 3491 1441 3569; x_wconf 88' lang='lat' dir='ltr'><strong>Gebehardo</strong></span> <span class='ocrx_word' id='word_1_249' title='bbox 1464 3487 1671 3590; x_wconf 85' lang='lat' dir='ltr'><strong>Coepisoo-</strong></span> <span class='ocrx_word' id='word_1_250' title='bbox 1783 3521 1787 3527; x_wconf 93' lang='lat'>·</span> 
     </span>
     <span class='ocr_line' id='line_1_30' title="bbox 40 3581 1668 3686; baseline -0.001 -27"><span class='ocrx_word' id='word_1_251' title='bbox 40 3643 43 3648; x_wconf 69' lang='lat'>‚</span> <span class='ocrx_word' id='word_1_252' title='bbox 242 3609 311 3659; x_wconf 87' lang='lat' dir='ltr'><strong>suo</strong></span> <span class='ocrx_word' id='word_1_253' title='bbox 343 3607 390 3658; x_wconf 87' lang='lat' dir='ltr'><strong>ex</strong></span> <span class='ocrx_word' id='word_1_254' title='bbox 421 3581 532 3660; x_wconf 80' lang='lat' dir='ltr'><strong>rebus</strong></span> <span class='ocrx_word' id='word_1_255' title='bbox 552 3585 745 3662; x_wconf 86' lang='lat' dir='ltr'><strong>Ecclesiae</strong></span> <span class='ocrx_word' id='word_1_256' title='bbox 775 3610 864 3660; x_wconf 87' lang='lat' dir='ltr'><strong>suae</strong></span> <span class='ocrx_word' id='word_1_257' title='bbox 891 3589 977 3661; x_wconf 82' lang='lat' dir='ltr'><strong>loca</strong></span> <span class='ocrx_word' id='word_1_258' title='bbox 1007 3584 1060 3661; x_wconf 88' lang='lat' dir='ltr'><strong>sic</strong></span> <span class='ocrx_word' id='word_1_259' title='bbox 1087 3587 1206 3664; x_wconf 81' lang='lat' dir='ltr'><strong>dicta:</strong></span> <span class='ocrx_word' id='word_1_260' title='bbox 1237 3593 1420 3684; x_wconf 82' lang='lat' dir='ltr'><strong>Legian,</strong></span> <span class='ocrx_word' id='word_1_261' title='bbox 1456 3583 1668 3686; x_wconf 79' lang='lat' dir='ltr'><strong>Panpian,</strong></span> 
     </span>
     <span class='ocr_line' id='line_1_31' title="bbox 37 3611 1669 3779; baseline -0.002 -18"><span class='ocrx_word' id='word_1_262' title='bbox 37 3699 43 3706; x_wconf 85' lang='lat'>&#39;</span> <span class='ocrx_word' id='word_1_263' title='bbox 161 3611 324 3770; x_wconf 65' lang='lat' dir='ltr'><strong>iitsia</strong></span> <span class='ocrx_word' id='word_1_264' title='bbox 356 3679 532 3772; x_wconf 80' lang='lat' dir='ltr'><strong>Tieres,</strong></span> <span class='ocrx_word' id='word_1_265' title='bbox 563 3681 752 3774; x_wconf 86' lang='lat' dir='ltr'><strong>Albiun,</strong></span> <span class='ocrx_word' id='word_1_266' title='bbox 783 3681 1026 3776; x_wconf 82' lang='lat' dir='ltr'><strong>Tanurois,</strong></span> <span class='ocrx_word' id='word_1_267' title='bbox 1054 3685 1422 3778; x_wconf 58' lang='lat' dir='ltr'><strong>TsevinTsusis,</strong></span> <span class='ocrx_word' id='word_1_268' title='bbox 1447 3684 1669 3779; x_wconf 83' lang='lat' dir='ltr'><strong>Adseges,</strong></span> 
     </span>
     <span class='ocr_line' id='line_1_32' title="bbox 163 3775 1671 3882; baseline 0.001 -28"><span class='ocrx_word' id='word_1_269' title='bbox 163 3779 347 3856; x_wconf 74' lang='lat' dir='ltr'><strong>forestum</strong></span> <span class='ocrx_word' id='word_1_270' title='bbox 371 3777 418 3851; x_wconf 90' lang='lat' dir='ltr'><strong>ad</strong></span> <span class='ocrx_word' id='word_1_271' title='bbox 445 3775 651 3854; x_wconf 87' lang='lat' dir='ltr'><strong>Gredine</strong></span> <span class='ocrx_word' id='word_1_272' title='bbox 678 3805 765 3854; x_wconf 89' lang='lat' dir='ltr'><strong>cum</strong></span> <span class='ocrx_word' id='word_1_273' title='bbox 788 3781 966 3862; x_wconf 87' lang='lat' dir='ltr'><strong>omnibus</strong></span> <span class='ocrx_word' id='word_1_274' title='bbox 987 3783 1224 3878; x_wconf 75' lang='lat' dir='ltr'><strong>utilitatibus,</strong></span> <span class='ocrx_word' id='word_1_275' title='bbox 1255 3807 1354 3882; x_wconf 81' lang='lat' dir='ltr'><strong>quae</strong></span> <span class='ocrx_word' id='word_1_276' title='bbox 1378 3780 1419 3856; x_wconf 94' lang='lat' dir='ltr'><strong>in</strong></span> <span class='ocrx_word' id='word_1_277' title='bbox 1438 3793 1671 3882; x_wconf 83' lang='lat' dir='ltr'><strong>potestatem</strong></span> 
     </span>
     <span class='ocr_line' id='line_1_33' title="bbox 137 3875 1753 3956; baseline 0.005 -7"><span class='ocrx_word' id='word_1_278' title='bbox 137 3875 449 3952; x_wconf 71' lang='lat' dir='ltr'><strong>&#39;canonicorum</strong></span> <span class='ocrx_word' id='word_1_279' title='bbox 474 3899 517 3948; x_wconf 86' lang='lat' dir='ltr'><strong>su</strong></span> <span class='ocrx_word' id='word_1_280' title='bbox 546 3875 775 3950; x_wconf 80' lang='lat' dir='ltr'><strong>indictorum</strong></span> <span class='ocrx_word' id='word_1_281' title='bbox 805 3879 854 3951; x_wconf 87' lang='lat' dir='ltr'><strong>ab</strong></span> <span class='ocrx_word' id='word_1_282' title='bbox 884 3877 1215 3955; x_wconf 70' lang='lat' dir='ltr'><strong>Ottone&#39;Comite</strong></span> <span class='ocrx_word' id='word_1_283' title='bbox 1244 3879 1365 3954; x_wconf 87' lang='lat' dir='ltr'><strong>bonae</strong></span> <span class='ocrx_word' id='word_1_284' title='bbox 1393 3877 1600 3955; x_wconf 86' lang='lat' dir='ltr'><strong>memoriae</strong></span> <span class='ocrx_word' id='word_1_285' title='bbox 1628 3891 1672 3956; x_wconf 87' lang='lat' dir='ltr'><strong>in</strong></span> <span class='ocrx_word' id='word_1_286' title='bbox 1748 3935 1753 3940; x_wconf 92' lang='lat'><em>-</em></span> 
     </span>
     <span class='ocr_line' id='line_1_34' title="bbox 160 3901 1747 4074; baseline 0.001 -24"><span class='ocrx_word' id='word_1_287' title='bbox 160 3973 309 4066; x_wconf 70' lang='lat' dir='ltr'><strong>‚eisdem</strong></span> <span class='ocrx_word' id='word_1_288' title='bbox 336 3970 429 4047; x_wconf 87' lang='lat' dir='ltr'><strong>locis</strong></span> <span class='ocrx_word' id='word_1_289' title='bbox 454 3901 591 4046; x_wconf 69' lang='lat' dir='ltr'><strong>trariita</strong></span> <span class='ocrx_word' id='word_1_290' title='bbox 618 3972 855 4066; x_wconf 75' lang='lat' dir='ltr'><strong>videbantur,</strong></span> <span class='ocrx_word' id='word_1_291' title='bbox 888 3997 942 4066; x_wconf 86' lang='lat' dir='ltr'><strong>ut,</strong></span> <span class='ocrx_word' id='word_1_292' title='bbox 968 3987 1062 4052; x_wconf 86' lang='lat' dir='ltr'><strong>sicut</strong></span> <span class='ocrx_word' id='word_1_293' title='bbox 1090 3975 1231 4050; x_wconf 84' lang='lat' dir='ltr'><strong>dictum</strong></span> <span class='ocrx_word' id='word_1_294' title='bbox 1256 3990 1323 4068; x_wconf 87' lang='lat' dir='ltr'><strong>est,</strong></span> <span class='ocrx_word' id='word_1_295' title='bbox 1348 3975 1449 4052; x_wconf 89' lang='lat' dir='ltr'><strong>idem</strong></span> <span class='ocrx_word' id='word_1_296' title='bbox 1469 3977 1573 4074; x_wconf 88' lang='lat' dir='ltr'><strong>Epus</strong></span> <span class='ocrx_word' id='word_1_297' title='bbox 1593 3975 1675 4051; x_wconf 85' lang='lat' dir='ltr'><strong>Ge·</strong></span> <span class='ocrx_word' id='word_1_298' title='bbox 1738 3975 1747 3984; x_wconf 72' lang='grc'><strong>“</strong></span> 
     </span>
     <span class='ocr_line' id='line_1_35' title="bbox 165 4067 1675 4176; baseline 0.001 -28"><span class='ocrx_word' id='word_1_299' title='bbox 165 4069 350 4148; x_wconf 79' lang='lat' dir='ltr'><strong>bobardus</strong></span> <span class='ocrx_word' id='word_1_300' title='bbox 370 4089 410 4144; x_wconf 89' lang='lat' dir='ltr'><strong>et</strong></span> <span class='ocrx_word' id='word_1_301' title='bbox 436 4071 565 4144; x_wconf 88' lang='lat' dir='ltr'><strong>datum</strong></span> <span class='ocrx_word' id='word_1_302' title='bbox 586 4081 626 4146; x_wconf 86' lang='lat' dir='ltr'><strong>el</strong></span> <span class='ocrx_word' id='word_1_303' title='bbox 646 4086 843 4169; x_wconf 84' lang='lat' dir='ltr'><strong>acceptum</strong></span> <span class='ocrx_word' id='word_1_304' title='bbox 864 4096 985 4172; x_wconf 89' lang='lat' dir='ltr'><strong>usque</strong></span> <span class='ocrx_word' id='word_1_305' title='bbox 1006 4067 1186 4148; x_wconf 88' lang='lat' dir='ltr'><strong>adfinem</strong></span> <span class='ocrx_word' id='word_1_306' title='bbox 1207 4073 1305 4152; x_wconf 79' lang='lat' dir='ltr'><strong>vitae</strong></span> <span class='ocrx_word' id='word_1_307' title='bbox 1333 4100 1422 4150; x_wconf 85' lang='lat' dir='ltr'><strong>suae</strong></span> <span class='ocrx_word' id='word_1_308' title='bbox 1440 4073 1675 4176; x_wconf 75' lang='lat' dir='ltr'><strong>potestative</strong></span> 
     </span>
     <span class='ocr_line' id='line_1_36' title="bbox 121 4163 1821 4276; baseline 0.002 -32"><span class='ocrx_word' id='word_1_309' title='bbox 121 4199 126 4210; x_wconf 91' lang='lat'><em>·</em></span> <span class='ocrx_word' id='word_1_310' title='bbox 166 4169 384 4270; x_wconf 86' lang='lat' dir='ltr'><strong>possideret,</strong></span> <span class='ocrx_word' id='word_1_311' title='bbox 416 4189 545 4270; x_wconf 84' lang='lat' dir='ltr'><strong>postea</strong></span> <span class='ocrx_word' id='word_1_312' title='bbox 569 4191 661 4276; x_wconf 82' lang='lat' dir='ltr'><strong>vero</strong></span> <span class='ocrx_word' id='word_1_313' title='bbox 687 4165 728 4244; x_wconf 90' lang='lat' dir='ltr'><strong>in</strong></span> <span class='ocrx_word' id='word_1_314' title='bbox 749 4163 811 4270; x_wconf 87' lang='lat' dir='ltr'><strong>jus</strong></span> <span class='ocrx_word' id='word_1_315' title='bbox 837 4167 1078 4268; x_wconf 79' lang='lat' dir='ltr'><strong>Frisingensis</strong></span> <span class='ocrx_word' id='word_1_316' title='bbox 1097 4170 1291 4252; x_wconf 84' lang='lat' dir='ltr'><strong>Ecclesiae</strong></span> <span class='ocrx_word' id='word_1_317' title='bbox 1323 4185 1362 4250; x_wconf 88' lang='lat' dir='ltr'><strong>et</strong></span> <span class='ocrx_word' id='word_1_318' title='bbox 1384 4166 1706 4275; x_wconf 57' lang='lat' dir='ltr'><strong>canonicorum-r</strong></span> <span class='ocrx_word' id='word_1_319' title='bbox 1808 4243 1821 4251; x_wconf 85' lang='lat'>.</span> 
     </span>
    </p>
   </div>
   <div class='ocr_carea' id='block_1_6' title="bbox 0 0 1835 4850">
    <p class='ocr_par' dir='ltr' id='par_1_12' title="bbox 0 0 1835 4850">
     <span class='ocr_line' id='line_1_37' title="bbox 0 0 1835 4850; baseline 0 0"><span class='ocrx_word' id='word_1_320' title='bbox 0 0 1835 4850; x_wconf 95' lang='lat' dir='ltr'><strong> </strong></span> 
     </span>
    </p>
   </div>
  </div>
 </body>
</html>
