3676 4848
714 295 915 391 ·0'290
965 309 1040 352 Φ

67 489 70 496 ⁴
133 499 203 576 pro
217 468 392 566 oonsilio,¹
413 480 555 576 quanta
571 487 661 548 tunc
679 469 767 549 data
782 479 848 564 est,
873 495 961 548 curu
980 493 1073 572 sepe
1089 465 1192 548 diota
1209 465 1341 570 predia
1353 465 1526 548 Ecclesic
1547 463 1636 546 cori-

131 579 340 650 tenentum
374 575 464 648 Dux
488 579 613 664 vero,
634 579 664 656 si
683 569 758 655 hoc
782 569 906 646 iacere
926 571 1110 660 noluerit,
1142 563 1374 645 beneficium
1397 567 1637 665 Landgravii,
1708 591 1713 603 ·

133 670 238 772 quod
251 671 377 761 habet,
402 663 550 760 habeat,
573 668 643 752 sed
654 665 777 742 Curio
795 671 861 741 sue
876 675 959 744 no'n
976 663 1126 746 debitur
1135 663 1206 738 alia
1222 664 1397 763 pecunia,
1422 691 1536 764 quarn
1553 667 1638 756 data

94 797 99 806 ·
131 765 296 859 esrssibi
315 781 443 853 tamen
463 765 588 840 media¹
610 787 693 865 pars
707 761 899 856 beneficii,
924 763 1029 862 quod
1042 761 1092 836 ab
1107 763 1182 837 alio
1201 759 1445 840 dominorum
1461 761 1637 862 proximi

58 859 63 870 ’
130 863 336 955 vacaverit,
367 849 592 976 preterque
612 872 773 973 excepto
793 877 898 951 sunt,
930 871 988 934 est
1009 858 1274 950 concedendo,
1309 877 1348 935 et
1370 858 1385 934 i
1410 882 1451 934 se
1475 860 1517 934 in
1538 859 1641 935 sami·

130 961 214 1044 litui
237 958 408 1038 Consilio
432 957 682 1036 electionisli
709 956 856 1050 nsicut
881 983 980 1044 unua
1001 981 1048 1030 ex
1069 952 1273 1030 Canonicis
1298 957 1362 1032 vel
1434 955 1444 972 '
1474 953 1641 1046 isteriali·

64 1059 65 1062 '
130 1055 203 1136 bus
228 1055 469 1157 reeipiendus
492 1064 549 1136 est
574 1072 612 1130 et
630 1075 679 1128 au
709 1053 851 1130 'endus
900 1053 963 1128 De
986 1048 1069 1152 jure
1095 1077 1251 1152 quoque
1274 1065 1314 1130 et
1332 1047 1483 1153 judiciis
1502 1063 1544 1128 in
1565 1053 1641 1135 hoe
1780 1069 1784 1078 '

82 1245 88 1250 .
131 1155 453 1246 concordavimus,
476 1164 520 1226 ut
536 1150 727 1251 'quidquid
745 1146 837 1251 juris
855 1148 897 1228 iu
925 1148 1088 1240 Ciuitate
1107 1151 1171 1248 uel
1192 1145 1335 1262 ubique
1354 1148 1496 1261 hebere
1524 1151 1640 1230 debe·

94 1278 96 1286 ·
129 1277 214 1326 mus
235 1249 282 1324 ab
296 1248 512 1332 hominibus
531 1247 621 1342 nris,
634 1273 732 1348 quos
750 1247 799 1334 ad
817 1246 1186 1346 hoodisponendum
1204 1247 1433 1338 ordmamus,
1446 1272 1528 1332 stne
1549 1275 1641 1326 con·
1666 1261 1675 1278 ¹

58 1347 66 1375 ³
128 1355 315 1433 troversia
329 1367 367 1422 et
380 1349 451 1422 lite
469 1355 571 1422 inter
588 1368 630 1422 se
649 1343 761 1422 nobis
781 1345 875 1438 illud
895 1359 1163 1434 corneruetur..
1199 1343 1379 1420 Preterea
1401 1345 1639 1422 conductum
1701 1345 1729 1421 ζ’
1824 1448 1829 1456 Ι

129 1448 241 1520 simul
260 1442 520 1544 prestabimus,
545 1453 585 1518 et
603 1445 752 1520 luemm
775 1437 867 1552 inde
886 1452 1086 1552 acceptum
1111 1441 1223 1516 simul
1246 1441 1466 1542 di'videmtu,
1500 1461 1539 1518 et
1559 1451 1642 1556 qui·

74 1573 78 1580 ·
129 1541 928 1736 untttnttmeann
944 1537 1639 1734 stetinensium

16 1747 19 1757 '
131 1739 316 1834 equaliter
332 1733 556 1823 dividemus,
580 1733 656 1806 hoc
675 1744 849 1829 excepto,
875 1730 908 1826 si
923 1730 1042 1811 humo
1056 1747 1188 1815 noster
1200 1733 1265 1808 vel
1284 1732 1389 1807 ducis
1413 1753 1639 1813 econverso

129 1832 288 1930 domino
305 1857 378 1906 suo
401 1829 641 1928 singtdstiter
660 1827 802 1928 aliquid
820 1825 975 1921 tribuat,
999 1830 1062 1904 vel
1081 1854 1151 1927 pro
1172 1827 1301 1928 iliquo
1322 1826 1464 1906 delicto
1480 1840 1639 1925 gratim

126 1924 434 2025 ruamac'quirat,
457 1927 595 2026 inquo
619 1926 717 2002 alter
736 1927 898 2010 alterum
921 1925 1172 2004 necessarium
1191 1932 1274 2002 non
1286 1923 1466 2018 habehim
1489 1937 1521 2002 si
1544 1949 1638 2006 vero
1710 1983 1720 1996 x
1767 1962 1773 1976 ·

126 2021 265 2134 aliquis
284 2021 396 2098 nobis
414 2031 579 2100 attinens
598 2045 638 2100 se
658 2032 891 2122 opposuerit,
915 2046 966 2098 ne
983 2017 1094 2098 nobis
1107 2029 1259 2114 seruat
1276 2025 1340 2124 pel
1352 2022 1456 2100 Duei
1472 2034 1639 2112 attinens

127 2118 240 2196 simili
261 2121 396 2211 modo,
420 2127 450 2194 si
472 2128 611 2196 servire
633 2117 878 2210 recusaverit,
909 2113 1023 2194 ambo
1044 2116 1302 2218 promisimus,
1327 2120 1380 2194 ad·
1397 2121 1639 2216 seruiendum

77 2225 81 2234 ’
126 2215 235 2296 illum
254 2217 733 2314 compellere‚'et1ucrum
757 2213 868 2292 sirnul
939 2217 1074 2294 naliter
1092 2215 1280 2310 dividere,
1303 2216 1372 2294 sed
1389 2215 1556 2304 hoofiet
1582 2243 1641 2298 so·

129 2313 298 2389 eundum
318 2311 519 2392 consilium
543 2331 583 2390 et
599 2314 900 2390 moderationem
936 2311 1006 2412 ‘pi
1055 2313 1153 2392 Item
1172 2313 1221 2390 de
1242 2311 1442 2390 manifesto
1454 2313 1648 2398 conflictu

128 2410 170 2486 in
196 2409 357 2486 Civitote
377 2413 539 2504 lucrum-
550 2409 734 2509 equaliter
755 2407 978 2488 dividemus.
1042 2411 1143 2486 ltem
1165 2410 1216 2486 de
1235 2408 1443 2488 indicendo
1468 2409 1553 2488 foro
1581 2437 1641 2492 res

52 2595 55 2605 Ι
127 2533 211 2582 rum
238 2508 427 2582 venalium
446 2509 787 2607 qualiumcunque,
824 2524 864 2612 et,
887 2505 936 2584 de
958 2507 1133 2582 omnibus
1149 2504 1364 2586 ‘uniombus
1382 2508 1639 2608 quarumlibet

126 2603 390 2679 venditionum
411 2605 571 2679 modurn
594 2607 704 2685 simul
721 2615 951 2697 statuemus,
983 2616 1024 2679 et
1045 2621 1181 2680 neuter
1205 2611 1287 2682 sine
1309 2608 1430 2683 altero
1445 2608 1519 2684 ⁴uel
1538 2611 1637 2685 alte·
1724 2667 1730 2676 .

99 2747 103 2752 -
126 2700 204 2776 rius
229 2698 381 2775 licentia
410 2703 551 2801 aliquid
573 2701 698 2780 dehis
724 2713 862 2779 statuet
885 2705 949 2780 vel
975 2701 1139 2777 mutabit
1160 2702 1224 2778 vel
1245 2711 1429 2778 remittet:
1467 2707 1642 2782 nmtnter

91 2880 95 2889 ι
132 2799 181 2874 de
201 2796 467 2874 venditoribus·
484 2797 569 2874 salis
591 2799 679 2890 dux,
705 2798 810 2899 quod
825 2810 975 2890 statuet,
999 2811 1086 2896 aget
1110 2799 1159 2875 de
1179 2796 1338 2876 consilio
1358 2799 1443 2970 Epi.
1492 2802 1556 2877 De
1577 2825 1641 2878 or-

127 2892 323 2972 dinatione
344 2917 437 2971 vero
453 2905 556 2994 pacis
581 2894 777 2996 provincie
802 2899 857 2978 sic
879 2895 993 2970 ambo
1012 2906 1230 2988 statuimus,
1252 2909 1297 2971 ut
1320 2896 1384 2996 qui
1413 2895 1508 2998 quid
1534 2895 1643 2980 inter-2

125 3016 197 3069 nos
222 2995 285 3068 vel
313 2989 555 3091 coadjutores
581 3017 688 3104 opos,
725 2993 788 3066 vel
814 3002 1008 3091 utriusque
1039 2991 1306 3070 Ministeriales
1335 2992 1548 3086 emerserit,
1585 3020 1640 3075 ex

153 3116 205 3163 uo
228 3091 430 3166 concordia
450 3103 491 3165 et
508 3087 673 3164 amicitia
688 3085 876 3182 internos
891 3089 990 3164 lacta
1011 3108 1089 3179 est,
1102 3093 1255 3182 scilicet,
1270 3091 1384 3189 ¹quod
1406 3096 1501 3168 unus
1525 3091 1640 3170 alteri

126 3116 309 3262 damnum
340 3184 530 3280 intulerit,
555 3183 818 3274 damnificatus
846 3185 927 3262 sine
947 3184 1090 3268 talione
1117 3210 1183 3262 sex
1207 3187 1454 3264 hebdomade
1476 3211 1518 3266 se
1543 3215 1640 3266 con-

125 3293 245 3358 tineat
270 3296 309 3366 et
330 3296 587 3381 conqueratur
606 3283 713 3382 Epo,
737 3291 769 3355 si
792 3283 913 3376 Ducis
930 3301 1004 3370 est,
1029 3286 1337 3380 veleconvcrso,
1366 3298 1405 3362 et
1429 3285 1639 3386 plenariam
1707 3345 1714 3360 .

127 3375 285 3476 recipiat
314 3378 618 3456 satisfactionem.
674 3377 713 3452 Si
742 3391 836 3456 veto
866 3377 1126 3468 darnnificatu‘s
1156 3382 1231 3456 hoc
1256 3380 1547 3478 transgreditur,
1580 3383 1644 3460 ita

127 3475 233 3574 quod
281 3499 322 3548 ro
351 3470 486 3576 injuria
510 3473 583 3553 sibi
604 3475 704 3551 illota
732 3479 871 3563 nralum
895 3475 1043 3569 fecerit,
1065 3477 1214 3553 'iactum
1235 3479 1353 3580 duplo
1373 3481 1563 3573 restituat,
1593 3495 1639 3558 et
1770 3563 1775 3570 ,

124 3597 196 3672 pro
219 3501 287 3646 stit
308 3572 409 3678 illata
432 3573 574 3648 nullam
599 3571 737 3648 habeat
764 3571 1096 3666 emendationem
1135 3595 1174 3652 et
1201 3587 1232 3653 si
1259 3573 1523 3668 damnificatus
1550 3587 1647 3654 sine·

126 3666 270 3746 talione
294 3667 447 3767 inpurus
468 3693 551 3744 suas
570 3677 827 3770 conqueritur,
852 3685 891 3746 et
906 3685 1181 3760 sacramentum
1206 3675 1392 3752 calumnie
1409 3673 1639 3775 premiserit,

124 3769 201 3855 ille,
226 3763 268 3839 in
289 3787 404 3865 quem
423 3763 558 3862 agitur,
583 3767 764 3842 damnum
786 3766 958 3845 'restinnt
981 3767 1281 3854 confirmatione,
1287 3766 1495 3870 juramenti
1517 3769 1636 3848 trium

63 3893 66 3900 ·
100 3862 104 3868 ’
125 3861 402 3939 autenticarum
419 3885 682 3963 personarum,
709 3883 748 3940 et
771 3873 802 3938 si
824 3867 963 3962 negare
985 3863 1166 3960 voluerit,
1193 3865 1303 3943 simili
1328 3869 1447 3943 modo
1465 3868 1637 3966 negabit.

48 4013 83 4056 a
125 3963 221 4034 ltem
249 3959 279 4035 si
309 3984 422 4056 agens
450 3969 491 4036 in
517 3957 633 4036 alium
662 3973 938 4061 sacramentum
973 3965 1161 4039 colurnnie
1192 3963 1415 4062 promittere
1449 3964 1639 4059 noluerit,
1732 3975 1735 3978 ’

124 4058 209 4144 ille,
283 4057 309 4130 ri
341 4083 410 4156 pro
433 4082 500 4145 reo
527 4054 706 4146 habetur,
737 4061 817 4134 sola
837 4083 953 4136 manu
974 4083 1016 4136 se
1040 4055 1179 4158 poterit
1201 4083 1421 4160 expurgare.
1468 4059 1511 4137 si
1539 4085 1639 4139 rero

39 4199 41 4210 ·
127 4083 591 4270 domniioanspertinpcia
620 4155 683 4268 vel
708 4175 927 4254 paupertate
943 4158 1151 4234 satistaoere
1171 4141 1452 4258 contempserit,
1477 4182 1639 4247 excom-
