3616 4850
880 169 882 179 ,
936 141 954 176 b

268 447 272 452 ·
469 441 479 456 «
1271 444 1274 475 ,
1515 463 1516 467 ,

355 505 470 642 Noni.
494 525 659 616 XXXV·
707 509 823 614 'circi
840 504 985 615 annum
1009 534 1093 630 84².
1139 503 1202 614 Ek
1222 529 1525 638 'Dipiomatarim'

243 666 466 766 Concambium
486 671 571 739 inter
591 671 771 736 sarariam
794 675 851 750 Ep.
873 675 1033 740 Ratisbon·
1054 680 1087 736 et
1105 673 1221 734 Virurn
1243 672 1398 735 illustrem
1419 674 1634 737 Maurentium

748 778 788 839 de
810 780 998 858 quibusdam
1019 779 1121 842 terris.

278 884 333 968 In
346 849 428 962 Dei
450 885 609 964 nominc
636 886 831 977 convenit,
856 901 970 988 utque
994 883 1140 986 placuit
1163 882 1266 964 inter
1289 883 1551 982 venerabilem
1569 885 1696 970 virum

179 981 455 1062 baturicum
475 999 632 1064 sanctae
644 985 1014 1084 Reganesburgemia
1031 983 1225 1062 Ecclesiae
1245 984 1492 1086 Episcopum,
1518 1001 1693 1088 quaeest

38 1105 45 1112 ·
142 1141 146 1148 .
180 1083 464 1170 constructain
481 1085 630 1165 honore
657 1082 695 1156 S.
715 1083 830 1178 Petri,
856 1081 1041 1184 Principis
1066 1085 1351 1184 Apostolorum,
1378 1096 1417 1160 et
1440 1083 1479 1160 S.
1500 1085 1703 1164 Emmera:

43 1186 48 1192 '
100 1181 119 1200 “’
147 1214 150 1226 ·
178 1180 235 1256 mi
257 1179 454 1282 Martyris,
479 1181 651 1294 uiiiipse
676 1180 863 1294 protiosus
886 1179 1046 1260 Sanctus
1068 1204 1230 1280 corpore
1255 1179 1482 1280 requiescit,
1513 1195 1588 1284 ricc
1613 1210 1694 1264 nou

120 1301 122 1308 ’
160 1275 282 1360 ,inter
299 1279 507 1376 quemdam
529 1305 654 1368 varum
676 1281 880 1374 illustrem,
904 1278 1064 1355 nomine
1090 1277 1423 1370 Maurentium,
1448 1293 1492 1353 ut
1513 1284 1694 1380 quasdam

177 1399 240 1452 res
268 1402 338 1474 pro
366 1374 562 1452 communi
584 1375 765 1472 utilitate,
804 1389 844 1454 et
869 1375 1096 1454 concambio
1123 1375 1225 1452 inter
1249 1400 1290 1452 se
1313 1391 1549 1458 commutare
1576 1380 1694 1456 debe·

153 1485 291 1564 'rent,¹
315 1472 423 1572 quod
447 1487 490 1550 et
514 1475 701 1554 fecerunt.
764 1475 886 1552 Dedit
906 1475 1025 1574 igitur
1046 1473 1260 1574 praedictus
1281 1473 1482 1550 Baturicus
1506 1475 1613 1575 Epus
1644 1501 1693 1554 ex
1799 1507 1803 1520 ·

177 1568 328 1668 ratione
347 1567 427 1671 jam
453 1571 546 1647 dicti
572 1570 796 1650 Monosterii
822 1572 881 1650 sui
907 1599 983 1650 una
1009 1599 1099 1650 cum
1127 1595 1332 1666 consensu,
1377 1583 1418 1647 et
1450 1573 1692 1655 conniventia

177 1666 461 1752 Monachorum
486 1668 528 1744 in
550 1671 690 1746 eodem
717 1671 954 1749 Monasterio
981 1667 1222 1767 degentium,
1255 1669 1370 1745 etiam
1399 1693 1469 1770 per
1496 1669 1690 1749 licentiam
1744 1741 1746 1745 ,

145 1825 147 1830 ,
177 1760 340 1842 Domini
361 1766 568 1845 Inrdowici
591 1767 716 1864 Regis,
744 1767 870 1844 eidem
892 1767 1112 1844 Maurentio
1136 1765 1184 1842 ad
1206 1792 1319 1843 suum
1345 1763 1543 1868 proprium
1562 1770 1691 1862 adhc-⁴

177 1861 351 1940 bendum
379 1863 422 1941 irs
445 1867 546 1957 loco,
576 1865 646 1965 qui
673 1863 816 1942 dicitur
843 1865 1189 1964 Traubidinga,
1223 1877 1263 1942 et
1290 1863 1692 1964 Lodartinchora,
1731 1955 1734 1960 A

176 1987 277 2060 qnae
303 1963 493 2061 qrraednm
517 1961 693 2076 lienpna,
717 1963 875 2042 nomine
899 1962 1094 2080 lingildiu,
1119 1974 1159 2039 et
1181 1958 1282 2037 filius
1310 1958 1390 2063 ejus
1419 1961 1536 2039 etiam
1560 1976 1693 2040 contu·
1752 2015 1780 2070 3

176 2059 308 2135 lerunt
330 2059 578 2154 Monasterio,
602 2060 643 2136 td
668 2081 734 2155 est,
759 2061 995 2140 territorium
1021 2087 1110 2136 cum
1131 2059 1222 2134 casis
1250 2061 1341 2136 desu
1371 2084 1414 2136 er
1431 2058 1575 2160 positis,
1603 2087 1693 2138 cum

159 2153 375 2256 mancipiis
392 2154 443 2238 V.
464 2156 600 2258 pratis,
624 2157 789 2259 pascuis,
826 2173 866 2236 ct
892 2157 1038 2249 omnia,
1070 2155 1256 2259 quicquid
1281 2088 1427 2270 ibiticm
1451 2157 1602 2270 babere
1621 2157 1693 2238 visi

174 2273 276 2330 sunt.
324 2255 377 2330 Et
403 2275 558 2333 cccrum
582 2255 624 2336 in
644 2255 999 2358 compensationem
1018 2255 1152 2344 harum
1172 2279 1301 2332 rerum
1328 2255 1435 2332 dedit
1460 2255 1565 2332 rdem
1584 2255 1693 2332 Mau·

175 2348 323 2428 tentius
349 2377 398 2430 ex
421 2380 492 2430 suo
522 2354 690 2456 proprio,
730 2354 900 2456 praefato
922 2352 1104 2444 Baturico
1128 2352 1215 2452 Epo
1229 2354 1292 2427 “ad
1315 2357 1463 2452 partem
1484 2351 1693 2456 supradicti

177 2447 402 2526 Monasterii
422 2450 463 2526 in
485 2455 573 2531 loco
594 2465 818 2552 nsurcupato
844 2451 1163 2543 Hahchilstat,
1188 2449 1316 2542 idest,
1341 2447 1579 2528 territorium
1601 2477 1704 2530 cum·
1783 2510 1787 2520 .

142 2545 295 2640 gsilvts,
321 2547 452 2648 pratis,
478 2563 518 2624 et
542 2549 689 2641 omnia,
714 2551 900 2663 quicquid
923 2549 1067 2626 ibidem
1091 2549 1235 2628 habere
1262 2546 1362 2622 visus
1390 2561 1457 2624 est.
1507 2547 1623 2628 Vnde
1647 2559 1691 2626 ct
1793 2621 1801 2649 ,

160 2647 269 2719 *duas
288 2645 626 2740 commutationes,
659 2673 740 2748 part
766 2661 901 2724 tenore
925 2647 1174 2748 conscriptas,
1199 2645 1302 2722 inter
1324 2669 1364 2720 sc
1385 2643 1489 2738 fieri,
1516 2659 1555 2723 et
1580 2642 1692 2740 adfir-

26 2764 43 2834 ᾖ
175 2767 280 2818 mare
305 2757 546 2838 rogaverunt,
580 2758 626 2822 ut
648 2743 910 2846 unusquisque
937 2745 1023 2838 hoc,
1050 2745 1156 2845 quod
1180 2745 1202 2816 d
1222 2748 1312 2842 pa‘rc
1344 2769 1413 2818 suo
1435 2742 1601 2846 accepit,
1633 2755 1694 2819 te·

175 2851 283 2932 neat,
322 2853 440 2941 atque
463 2843 672 2940 possideat,
702 2857 743 2922 et
767 2843 896 2938 faeiat,
929 2841 1114 2942 quicquid
1139 2839 1312 2918 utilitatis
1332 2863 1422 2916 suae
1443 2841 1690 2940 perspexerit.

175 2937 228 3014 Et
252 2937 378 3014 taliter
397 2937 500 3014 inter
522 2965 587 3016 eos
609 2939 802 3034 convenit,
828 2943 935 3042 quod
954 2951 986 3015 sl
1012 2937 1128 3018 fuerit
1157 2950 1243 3038 post
1268 2937 1375 3024 hsurc
1395 2935 1498 3013 diem
1512 2941 1618 3013 unm
1636 2963 1691 3016 ex

176 3034 275 3136 ipsis,
307 3045 375 3112 sut
394 3034 522 3136 aliqua
550 3038 744 3137 quaelibet
766 3037 952 3140 opposita,
982 3051 1050 3114 aut
1074 3034 1206 3114 embra
1225 3045 1400 3135 persona,
1433 3058 1532 3134 quae
1556 3047 1691 3110 contra

133 3213 134 3216 Ἴ
176 3131 277 3209 hanc
299 3134 638 3229 commutationem
645 3188 657 3228 ,
682 3136 732 3211 de
759 3161 833 3236 qua
855 3137 954 3212 duae
976 3137 1144 3212 cartulae
1187 3159 1268 3207 uno
1291 3143 1426 3208 tenore
1449 3131 1691 3231 conscriptae
1732 3195 1744 3204 .
1786 3181 1791 3190 ·

177 3253 257 3314 esse
289 3230 487 3326 videntur,
527 3231 661 3310 venire
687 3231 912 3326 tentaverit,
951 3245 1017 3308 aut
1045 3257 1128 3308 eam
1157 3227 1364 3324 infringere
1387 3243 1523 3308 conata
1548 3229 1664 3310 tuerit
1677 3257 1691 3324 ς

80 3393 84 3401 ,
174 3325 290 3432 parti,
316 3341 448 3402 contra
474 3356 587 3429 quam
615 3329 725 3406 litem
745 3329 939 3422 intulerit,
976 3329 1057 3406 auri
1081 3331 1193 3404 libras
1215 3327 1305 3402 duas
1327 3353 1397 3428 pro
1417 3331 1560 3404 mulcta
1584 3353 1693 3402 com·

103 3459 121 3496 κ
154 3437 314 3531 ponat,
343 3439 382 3500 et
393 3432 467 3500 ‘sua
492 3427 671 3528 repetitio
691 3429 841 3504 nullum
865 3427 1040 3505 obtineat
1062 3427 1260 3515 effectum,
1286 3427 1352 3501 sed
1369 3449 1545 3524 praesens
1566 3421 1691 3512 Coum,¹

66 3593 71 3603 .
175 3523 338 3602 mutatio
365 3522 471 3602 omni
494 3538 668 3626 tempore
693 3525 801 3602 firma
820 3536 1045 3627 permaneat
1068 3549 1156 3600 cum
1181 3523 1448 3626 astipulatione
1474 3519 1651 3614 subnixa,

270 3833 271 3838 ,
570 3745 687 3836 Num
716 3749 899 3828 XXXVI.
947 3748 1033 3842 843.
1073 3745 1296 3846 3Augusti.

175 3877 335 3940 baturicus
353 3881 435 3955 Epns
448 3879 608 3939 Ratisbcn·
627 3874 688 3956 qut
700 3880 794 3941 abbas
805 3855 1054 3950 Lunaclscensis,
1070 3887 1102 3938 et
1117 3875 1507 3955 Luiplrmmusdrchiepus
1518 3877 1705 3960 Sslisburg·⁸

243 3995 247 4010 ¹
296 3979 431 4042 confinio
446 3965 631 4038 Venatio'nis
646 3981 678 4034 et
694 3973 870 4033 Piscationis
886 3978 919 4034 in
939 3978 1078 4047 Abersee
1094 3977 1274 4037 examinant
1289 3981 1322 4036 et
1339 3975 1573 4036 determinatum

593 4081 650 4144 Ex
673 4077 833 4141 Chronico
855 4076 1099 4142 Lunaelacerrsi
1116 4101 1196 4168 pag.
1219 4091 1289 4159 7⁸⁶
1318 4142 1332 4158 ,

91 4211 95 4220 ·
226 4181 229 4187 ’
275 4181 477 4290 Quidquid
508 4178 611 4258 enim
646 4180 694 4256 de
723 4176 902 4273 legitimis
923 4179 1085 4279 placitis
1113 4177 1338 4258 ventilatum
1365 4167 1498 4275 tuerit,
1537 4178 1693 4282 optime

176 4283 366 4362 condecet
385 4277 597 4362 memoriae
614 4277 980 4384 commendandum,
1007 4289 1047 4360 et
1070 4279 1218 4385 quoda
1242 4277 1437 4369 nobilibus
1463 4277 1550 4361 virts
1573 4277 1693 4358 ratio-
1775 4365 1785 4377 ,
