3684 4804
823 229 899 296 v.-
926 201 1018 298 sss
1069 233 1142 276 w

230 391 630 499 comitio'juntorum
655 413 824 487 nmmm,
858 389 1190 496 inspeetisetiam
1210 379 1356 470 devotis
1389 405 1595 482 rennuere
1618 389 1741 472 fideli·
1816 452 1821 465 ,

226 511 314 578 tatis
341 495 528 594 obsequiis
558 487 631 592 ¹pei
657 490 841 566 dileetum
869 495 1101 569 avunculum
1128 515 1242 568 nmm
1271 475 1520 585 chunradum
1548 493 1597 570 de
1618 493 1760 570 Eram·

224 597 305 676 veis
331 593 442 670 nobis
470 603 510 684 et
536 586 666 664 Erulie
701 608 771 664 nre
802 588 1067 688 multiph'citer
1093 597 1282 687 impensis,
1316 601 1356 662 et
1384 588 1425 663 in
1455 601 1665 687 posterum,
1694 605 1738 666 ut
1794 629 1797 639 ·

95 736 98 740 ·
227 689 467 782 confidimns,
499 683 776 786 impendendis,
807 698 1041 796 emptionem
1071 683 1238 786 ejusdem
1263 681 1383 758 Casiri
1414 708 1484 782 per
1511 710 1581 761 nus
1602 687 1789 786 factamffi

223 789 298 866 sub
322 784 554 884 interpositis
572 780 691 882 pactis
713 793 753 856 et
773 782 1057 858 conditionibus
1077 785 1334 858 transtulimus
1351 793 1390 854 in
1412 783 1577 858 eundem
1596 783 1741 860 dietum
1828 839 1831 847 .

51 891 60 910 “
182 913 185 920 ’
225 886 402 962 Castrum
424 885 512 959 eum
534 877 711 954 omnibus
730 890 807 952 suis
821 875 974 978 juribus
995 893 1035 957 et
1056 877 1276 968 attinentiis,
1300 875 1444 953 seilicet
1463 887 1740 977 possessionum

216 997 266 1060 et
288 984 499 1072 huminum,
523 993 567 1052 ut
590 973 811 1075 premissum
834 987 902 1066 est,
933 975 1003 1048 sibi
1027 994 1065 1052 et
1086 975 1160 1050 suis
1186 972 1390 1049 heredibus
1412 977 1656 1068 conterendo,
1687 979 1739 1054 de

121 1145 133 1156 .
218 1080 287 1156 riri
305 1077 471 1176 Capituli
504 1073 702 1150 Consensu
732 1084 771 1148 et
797 1071 1021 1146 omnimoda
1042 1071 1253 1152 Voluntaie
1280 1072 1552 1168 possidendum
1578 1099 1600 1146 a
1627 1075 1741 1150 nobis

74 1167 86 1187 “
227 1192 268 1253 et
282 1177 410 1252 Eccita
425 1171 625 1270 Retispon.
650 1170 760 1244 titulo
773 1167 924 1260 leodali,
948 1192 1113 1268 quorum
1134 1181 1309 1242 suctores
1327 1166 1454 1266 ipsius,
1480 1171 1585 1270 quod
1598 1169 1742 1246 Gwer

223 1277 428 1371 vulgariter
448 1285 702 1366 nuncupatur,
725 1289 797 1341 nos
815 1289 883 1364 per
905 1277 1101 1367 presentes
1119 1272 1392 1357 constituimus,
1416 1275 1456 1339 in
1482 1281 1667 1366 quantum
1691 1269 1741 1345 de

222 1365 308 1470 jure
334 1391 529 1468 possumus
554 1383 593 1441 et
623 1363 817 1441 debemus.
853 1363 921 1438 ·In
944 1359 1150 1441 subsidium
1163 1370 1283 1454 etiam
1305 1383 1373 1436 sue
1401 1363 1607 1460 'emptionis
1635 1378 1742 1465 quin·

140 1456 1743 1655 ·iiiiii''ltititttlstiitrttrestittit‘stitititt
1835 1557 1838 1564 -

217 1677 327 1738 nate.
376 1654 580 1759 Adjeetum
607 1671 664 1730 est
687 1652 853 1753 insuper,
878 1651 983 1752 quod
1002 1677 1084 1728 non
1103 1653 1217 1727 lieeat
1240 1651 1364 1726 eidem
1387 1651 1656 1730 Ereuvelsario·
1677 1658 1741 1738 vel
1773 1668 1776 1678 '

224 1757 334 1832 alicui
368 1756 552 1832 heredum
582 1772 749 1842 suorum,
785 1750 932 1827 dietum
958 1751 1128 1824 Castrum
1162 1748 1341 1837 vendere,
1364 1757 1396 1824 si
1421 1751 1471 1822 ad
1495 1751 1741 1828 vendendum

225 1877 293 1932 eus
320 1851 446 1952 aliqua
478 1843 679 1926 nenessitas
701 1845 913 1946 impulerit,
952 1847 1026 1921 rel·
1040 1843 1118 1920 alio
1150 1867 1379 1957 quoeunque
1412 1847 1530 1922 modo
1563 1847 1740 1944 alienare,

186 1979 189 1987 ⁴
222 1949 296 2028 nisi
320 1950 408 2049 Epo
434 1945 629 2046 Ratispun.
668 1941 737 2044 qui
767 1967 838 2043 pru
864 1955 1040 2044 tempore
1071 1941 1196 2033 luent,
1259 1967 1304 2017 ro
1338 1943 1472 2020 eadem
1499 1961 1646 2022 summa
1675 1958 1753 2048 pe-'

224 2042 718 2138 sustentationum
749 2063 821 2142 pro
844 2067 918 2142 qua
945 2037 1183 2138 sepedictum
1298 2065 1383 2114 rum
1407 2041 1617 2119 abeodem
1636 2069 1741 2124 nune
1807 2113 1809 2118 ,

224 2143 354 2220 extitit
375 2153 645 2240 comparatum.
693 2135 735 2214 si
756 2161 849 2215 vero
875 2139 925 2214 de
945 2135 1381 2238 possessionibmipsius
1401 2135 1522 2214 Casiri
1546 2136 1620 2216 'arn
1633 2141 1742 2219 10in-

96 2297 103 2304 -
222 2251 318 2336 gatis
343 2238 547 2340 quicquam
569 2235 683 2312 fuerit
705 2233 936 2326 sissinium,
960 2235 1024 2311 rel
1052 2232 1166 2310 etiarn
1193 2231 1252 2308 de·
1266 2259 1381 2327 noro,
1407 2236 1514 2334 quod
1567 2235 1641 2313 ‘eta
1667 2237 1741 2314 Ga·

221 2351 303 2413 stru
332 2335 494 2415 attinere
522 2331 677 2424 debeat,
714 2357 801 2408 uum
831 2345 993 2424 uratum,
1029 2329 1107 2407 lrou
1139 2355 1209 2432 pro
1242 2327 1483 2410 estimatione
1509 2332 1571 2408 sui
1601 2335 1738 2412 satoris

26 2511 47 2526 ,,
222 2431 320 2510 snivi
346 2451 385 2508 et
399 2428 605 2529 superaddi
618 2428 734 2506 debet
753 2360 883 2508 eidem
902 2433 1052 2506 summe
1072 2423 1114 2540 in
1136 2426 1377 2528 reemptione
1398 2427 1505 2505 hmoi
1519 2455 1593 2530 per
1609 2441 1740 2532 quent·
1787 2493 1789 2502 ,

94 2573 112 2588 -
224 2553 379 2629 cunque
392 2525 586 2625 Ratispun.
600 2528 738 2624 Epum,
761 2524 795 2600 si
817 2527 971 2624 quando
992 2525 1106 2601 suerit
1128 2537 1373 2626 oportunum.
1396 2527 1498 2604 ltem
1519 2527 1550 2602 si
1571 2541 1654 2630 quis
1673 2531 1740 2608 im
1793 2528 1798 2542 '

215 2627 359 2703 redum
387 2618 637 2700 Erenvelsarii
665 2632 854 2719 prenotati
887 2621 936 2698 ab
963 2620 1092 2696 Eaelia
1120 2621 1206 2696 Rati
1251 2647 1313 2698 un.
1345 2639 1415 2728 per
1441 2623 1739 2724 matrimonium,

224 2723 331 2835 quod
354 2721 459 2813 absit,
484 2719 691 2828 diruperit,
715 2724 798 2816 ipso
818 2717 919 2794 iactu
938 2716 1050 2793 radet
1073 2647 1339 2818 ajureieuii,
1365 2723 1468 2820 quod
1487 2721 1558 2796 sibi
1585 2747 1633 2800 ex
1653 2751 1737 2826 por·

224 2831 335 2898 tione
363 2819 590 2894 hereditaria
613 2810 656 2888 in
685 2815 900 2912 supradicio
927 2819 1057 2892 Castro
1091 2826 1130 2890 et
1158 2814 1283 2893 eidem
1306 2815 1558 2896 attinentibus
1584 2847 1738 2922 eompa-
1783 2855 1789 2864 ·

223 2917 342 2994 tebet.
391 2917 439 2991 In
465 2911 574 3017 cujus
597 2919 652 2987 rei
679 2911 942 3024 testimonium
967 2921 1161 3024 presentes
1185 2911 1329 3022 litteras
1346 2914 1575 3084 Sigillorum,
1601 2921 1661 2994 nri
1682 2919 1739 2997 vi·

219 3012 370 3106 ¹deliret
396 3025 435 3088 ei
454 3022 513 3087 nri
534 3013 587 3086 Cu
615 3007 712 3100 itulr,
743 3032 817 3086 use
843 3035 923 3085 non
950 3019 1066 3108 ipsius
1087 3007 1282 3086 chunradi
1313 3012 1364 3086 de
1416 3015 1575 3106 renvels,
1608 3014 1739 3094 Chun-

225 3109 311 3186 radi
336 3037 614 3216 defensori:
632 3103 828 3183 Chunradi
851 3125 889 3184 et
908 3103 1101 3180 Waltheri
1122 3105 1388 3203 pincernarum
1415 3109 1466 3184 de
1490 3109 1738 3192 niciensis

216 3205 369 3380 {4⁰3⁰ss
386 3211 563 3375 Jussirlpus
587 3203 828 3285 communiri,
875 3203 1021 3280 Datum·
1034 3199 1241 3304 Ratispune
1259 3227 1362 3324 anno
1383 3203 1451 3282 dni
1471 3206 1577 3287 sats
1588 3208 1736 3296 XVIII.
1810 3230 1818 3246 ¹

298 3354 307 3375 .
372 3322 479 3380 ecem
508 3325 568 3376 ris,

495 3425 672 3517 Adpsridet
688 3421 797 3494 soiur'u
818 3425 968 3513 Capituli
986 3424 1152 3524 Sigillum,
1175 3409 1466 3528 emterir3nutilsit.
1498 3473 1502 3478 -

690 3577 930 3604 m·-

426 3675 772 3790 iiunssiicxvii.
840 3695 1037 3812 tadn'rp.
1073 3701 1173 3784 Nor.
1232 3703 1296 3782 Ex
1327 3699 1528 3805 originali

519 3845 568 3908 tie
590 3845 699 3938 Fepdis
720 3862 758 3906 ex
777 3839 867 3905 obitu
888 3843 1014 3906 Alberti
1034 3841 1075 3905 de
1094 3841 1242 3925 Sirehing
1259 3845 1450 3905 viantibus·

324 3958 406 4040 Nus
428 3963 690 4046 Heinrieus
714 3964 782 4045 dei
803 3995 869 4068 gra
893 3951 1089 4069 Ratispon.
1109 3965 1228 4070 lpus,
1251 3967 1431 4047 universis
1455 3973 1651 4068 presentes
1672 3965 1733 4062 iis
1758 4055 1761 4064 ¹

221 4071 330 4144 tera
352 4063 575 4165 inspecturis
606 4067 781 4150 volumus
812 4089 894 4222 esse
925 4067 1217 4249 notupppquud
1248 4067 1580 4160 senescentibus
1620 4067 1732 4162 nobis
1815 4087 1839 4162 χ
