3710 4838
919 21 934 65 ,
1060 29 1066 44 ,

724 323 726 328 »
824 277 1139 350 rssttw
1270 243 1274 251 x

109 484 113 496 ·
218 451 366 530 sedicet
393 449 538 533 Leonis
550 447 638 554 ·Epi
670 447 856 543 coustant,
888 443 1019 528 divino
1047 447 1155 528 cultu
1183 449 1361 532 volumus
1387 452 1598 539 secumdum
1625 453 1744 536 tiber,

219 562 347 654 tatem¹
376 548 431 627 eis
461 552 509 627 ab
543 553 748 664 apostolica
779 547 1016 647 benignitate
1042 547 1231 628 indultam
1263 549 1519 631 inhabitantes
1597 570 1737 656 rpetno

219 672 419 732 amnone.
468 645 525 726 Ut
558 645 674 748 igitur
701 661 878 750 tempore
903 645 1070 725 stabilito
1097 647 1232 728 fratres
1258 659 1453 750 prenotati
1483 651 1553 728 tali
1581 679 1622 728 us
1649 679 1742 766 gau,

220 747 338 824 deant
361 743 563 824 beneficiis
581 756 809 847 receptionis
835 755 875 822 et
900 743 1166 840 concessionis,
1216 760 1418 828 resentcm.
1431 750 1605 851 paginam
1630 750 1737 848 Sigil-

218 847 347 925 lorum
367 859 587 926 nostrorum
615 844 830 923 munimine
852 843 1055 959 sepedictis
1077 771 1255 920 fratridus
1280 845 1493 922 obtulimus
1511 847 1739 948 insignitam·

111 997 115 1002 -
215 941 367 1036 Datum
394 941 607 1045 Ratispone
630 970 734 1054 anno
759 940 906 1022 domim
933 941 1132 1042 1270.x1.
1156 941 1349 1024 Kalendas
1372 943 1579 1042 Februarii.

554 1112 559 1119 ’
680 1109 759 1174 Trio
779 1107 901 1196 sigilla
923 1109 1057 1196 integra
1078 1107 1277 1195 adpendent.

781 1261 1175 1282 ..............
1260 1240 1307 1282 f

421 1327 539 1466 num.
564 1382 746 1470 nsmtv.
800 1359 1198 1487 ia7o.1.Februarii.
1245 1381 1555 1490 lux-osenna,
1650 1399 1655 1410 ¹
1792 1407 1796 1414 ·

265 1551 454 1659 Redemptio
484 1563 584 1623 Casiri
611 1512 816 1636 Vallensiein
842 1582 862 1622 a
883 1561 1027 1662 &prado
1056 1561 1096 1622 de
1125 1559 1304 1622 liobenvels
1330 1529 1462 1638 possuit
1488 1559 1530 1618 ad
1556 1556 1692 1624 Ecelien
1735 1565 1738 1570 “
1805 1557 1808 1568 “

419 1658 422 1663 ’
488 1668 651 1731 Ratisbon.
672 1687 713 1729 ne
734 1665 904 1730 Comitatus
923 1667 1089 1731 Tumttauf
1103 1667 1268 1730 mauram
1289 1671 1459 1760 pateretur.

317 1807 399 1887 Nos
424 1811 520 1889 Leo
552 1811 797 1890 miseratione
825 1811 951 1892 divina
973 1811 1080 1888 Ratis
1107 1838 1169 1887 on.
1195 1811 1311 1912 Epus,
1342 1807 1524 1890 universis
1543 1787 1737 1926 presentia

215 1905 446 2010 inspecturis
482 1912 659 1986 volumus
691 1934 770 1988 esse
798 1931 956 2006 notum,
991 1836 1213 2012 quodcum
1251 1905 1414 1986 dilemus
1448 1905 1571 1988 fidelis
1605 1922 1739 1986 noster
1773 1991 1778 1998 ,

176 2099 181 2106 Ι
220 2005 447 2095 Chunradus
468 2008 517 2086 de
537 2009 762 2085 Hohenvels
781 2004 941 2110 juvenili
958 2029 1067 2085 motu
1090 2011 1226 2082 ductus
1245 2006 1461 2083 incurrisset
1477 2005 1602 2102 gravia
1617 2031 1738 2084 onera
1797 2049 1799 2058 s

219 2105 453 2200 debiturum,
477 2105 541 2200 ita,
566 2106 671 2207 quod
693 2104 870 2182 Castrum
891 2105 1244 2186 Valchenstein
1270 2105 1489 2194 intenderet
1507 2105 1631 2180 modis
1655 2131 1738 2182 om·

215 2201 331 2286 nibus
356 2204 521 2302 obligare
547 2231 617 2304 pro
643 2205 836 2281 solutione
855 2204 962 2280 hmoi
983 2204 1214 2296 debitorum,
1236 2201 1430 2296 timentes,
1457 2205 1563 2301 quod
1589 2201 1737 2280 dictum
1780 2281 1793 2298 N

219 2299 396 2377 Castrum
420 2303 469 2378 ad
493 2327 626 2376 manus
655 2299 925 2379 devolveretur
946 2301 1099 2402 alienas,
1125 2315 1166 2378 et
1191 2299 1244 2378 sic
1268 2300 1521 2377 districtus
1550 2298 1624 2375 nri
1651 2297 1737 2378 Co·

216 2400 413 2477 mitetus
439 2397 676 2496 (Staulensis)
702 2399 896 2478 scissuram
938 2411 1149 2500 pateretur,
1184 2411 1224 2476 ei
1251 2395 1464 2502 jurisdictio
1497 2395 1735 2492 turbaretur,

217 2497 267 2571 de
300 2510 520 2572 nostrorum
548 2493 764 2597 juratorum
798 2495 1111 2574 consiliariorum
1146 2511 1185 2575 et
1219 2493 1387 2596 Capituli
1420 2493 1534 2572 totius
1575 2498 1734 2574 condlio
1809 2541 1853 2562 -ι

214 2593 374 2764 provida
398 2592 674 2695 deliberatione
697 2593 896 2694 prehabita
918 2599 1036 2671 talem
1058 2593 1308 2670 Contractum
1327 2603 1501 2671 inivimus
1523 2614 1611 2670 cum
1631 2595 1735 2670 dicto

240 2689 423 2770 ,hunrado
444 2692 494 2766 de
515 2688 751 2785 Hohenvels‚
774 2694 884 2791 quod
903 2691 1142 2793 promisimus
1162 2691 1198 2768 ei
1219 2703 1393 2768 mutuare
1415 2711 1601 2768 trecentas
1619 2691 1735 2768 libras

179 2789 184 2796 ’
214 2786 411 2887 Ratispon.
442 2797 602 2864 monete
623 2812 737 2888 super
757 2789 901 2865 dictum
924 2788 1100 2866 Castrum
1119 2811 1207 2866 cum
1227 2789 1302 2866 suis
1321 2788 1543 2879 attinentiis,
1566 2793 1745 2876 mttttarts
1759 2784 1777 2802 “

215 2887 443 2962 conditionis
475 2883 692 2962 hominibus
719 2887 911 2964 dumtaxat
937 2893 1116 2990 exceptis,
1148 2888 1198 2966 de
1226 2879 1362 2990 quibus
1385 2883 1463 2998 jam
1491 2901 1563 2968 250
1584 2903 1628 2964 tt.
1662 2887 1735 2964 sibi

214 2981 405 3075 solvimus,
430 2998 470 3061 et
494 2988 543 3064 de
560 3005 617 3082 Ι5ο
635 2998 677 3060 tt.
700 2985 861 3062 residuis
879 2987 1133 3086 possessiones
1164 2986 1343 3084 obligatas
1374 2990 1506 3062 Castro
1537 2985 1733 3065 Valchen·

99 3141 102 3146 .
212 3081 311 3156 stein
331 3093 547 3175 attinentes,
571 3085 749 3168 videlicet
770 3094 899 3184 viginti
918 3085 1099 3162 librarum
1118 3084 1289 3160 redditus
1314 3083 1555 3172 redimemus,
1588 3095 1734 3184 impen-

213 3175 360 3254 dendos
382 3177 424 3254 in
444 3177 626 3256 Custodia
648 3181 740 3258 dicti
756 3181 890 3275 Casiri,
917 3193 957 3262 et
980 3208 1068 3258 curn
1096 3178 1201 3256 dicto
1219 3179 1364 3272 Castro,
1389 3196 1428 3258 et
1458 3179 1539 3257 aliis
1568 3193 1733 3260 attinen-

210 3285 271 3348 tiis
300 3287 340 3353 et
371 3275 591 3352 hominibus
619 3292 751 3376 preter
776 3283 954 3358 militares
985 3303 1162 3380 personas
1186 3276 1320 3354 Ecclie
1346 3288 1595 3368 prenomine
1626 3300 1733 3358 tene·

210 3371 355 3465 bimus,
388 3387 428 3452 et
464 3373 706 3454 successores
728 3388 866 3470 nostri,
900 3401 1102 3478 quousque
1133 3374 1375 3478 perdicium
1402 3375 1648 3454 Chunradum
1679 3379 1732 3466 de

85 3501 87 3505 ·
210 3471 435 3552 Hohenvels
468 3470 532 3550 vel
557 3471 718 3550 heredes
745 3475 859 3573 ipsius
885 3477 934 3552 de
959 3475 1129 3576 ipsorum
1163 3472 1314 3574 propria
1337 3473 1501 3575 pecunia
1533 3474 1615 3553 sine
1646 3497 1731 3576 cep-

209 3567 319 3646 tione
352 3569 522 3671 qualibet
552 3569 763 3671 conquisita
796 3573 925 3651 Ecclie
960 3585 1091 3651 nostre
1127 3573 1243 3672 plene
1273 3571 1387 3649 luerit
1415 3571 1656 3666 satisfactum,
1690 3585 1731 3664 et

211 3664 300 3768 quia
327 3667 375 3746 de
396 3667 559 3769 pecunia
580 3667 628 3742 50
650 3681 694 3744 tt.
720 3669 761 3748 in
810 3671 922 3748 uibus
951 3671 1057 3748 dicto
1079 3669 1285 3748 Chunrado
1312 3670 1562 3749 remansimus
1585 3669 1757 3752 debito·
1804 3709 1808 3724 ·

208 3787 284 3858 res,
308 3762 351 3842 in
377 3763 646 3868 purificatione
673 3766 788 3846 beate
847 3769 977 3866 irginis
998 3769 1041 3846 in
1069 3765 1268 3870 principali
1292 3789 1437 3863 mutuo,
1470 3768 1649 3848 videlicet
1680 3772 1732 3846 de

208 3861 284 3939 lloo
299 3873 344 3940 tt.
367 3889 449 3943 non
474 3863 666 3964 potuimus
690 3865 763 3944 sibi
786 3865 995 3946 satislacere
1020 3865 1102 3943 sine
1122 3865 1225 3964 gravi
1248 3867 1413 3970 dampno
1436 3885 1567 3944 nostro
1599 3887 1638 3945 et
1658 3867 1731 3944 Ec·

209 3961 297 4054 elie,
323 3973 363 4039 et
383 3959 529 4038 diverse
548 3987 659 4040 usure
690 3991 733 4040 ac
756 3965 988 4042 accessiones
1012 3963 1286 4044 intollerabiles
1308 3965 1509 4044 occasione
1530 3966 1635 4042 hmoi
1662 3966 1737 4063 ime
1769 4039 1775 4050 ,

3 4097 4 4104 1
107 4125 111 4132 .
208 4057 420 4152 minebant,
445 4057 575 4136 dilecti
599 4073 639 4137 in
663 4063 754 4240 X&
784 4063 911 4140 batres
929 4063 1158 4140 Altmannus
1182 4063 1231 4139 de
1251 4061 1477 4140 Rotenekke
1502 4061 1730 4168 prepositus,
1852 4097 1853 4104 ¹

209 4157 400 4240 Alhardus
421 4157 599 4258 deonas,
630 4173 670 4247 et
747 4159 912 4266 pitulum
938 4160 1132 4354 Rapissppu.
1153 4158 1593 4297 Ecclielcompatientcs
1614 4163 1728 4250 nobis
1818 4199 1831 4212 ·
