3616 4850
599 315 1139 420 ferum.

17 455 20 530 s
133 520 320 636 pasn-
359 449 591 596 necatus
609 507 726 592 eam
754 507 966 612 mpura
988 505 1119 590 sss„
1147 505 1197 588 aa
1224 507 1486 592 sannaus
1509 511 1653 619 apuu,

132 624 244 702 utin
270 643 353 719 ipsa
369 613 498 724 Marce
519 638 596 688 una
617 597 794 724 ldcclesia¹
808 607 980 686 labricari
1000 609 1204 724 debuipset,
1236 611 1313 690 hoc
1336 625 1407 728 est,
1431 617 1480 692 ad
1494 616 1650 716 Serpah,

133 736 177 800 et
205 719 357 796 ibidem
382 724 569 812 posuisset
581 713 752 810 aliquem
772 707 1034 800 Sacerdotum,
1060 735 1130 809 qur
1149 709 1295 803 rbrdem
1321 725 1462 810 cantet,
1495 727 1536 790 ‘et
1562 739 1652 791 cum
1690 776 1697 783 .

16 863 18 880 ,κ
135 817 324 898 „mnibus
343 809 378 882 S.
399 809 644 890 Emmeramo
668 807 837 885 serviret.
872 805 1132 882 Praesentium
1156 804 1332 900 Nomina,
1364 808 1432 910 qui
1452 809 1650 888 viderunt:

16 889 17 894 ἵ
140 915 291 994 Euhan
320 906 408 1000 erht
424 905 632 998 Diaconos,
661 905 899 1003 Reginperht
917 903 1124 995 Diaconus,
1158 905 1304 983 Vueltn
1320 903 1507 1000 Clericus,
1540 908 1675 990 Hert‘

18 1026 19 1032 ’
87 1032 91 1042 “
187 1009 251 1081 rht
325 1003 460 1094 ericus,
481 1001 627 1094 Pillinc,
652 999 838 1096 Frumolt,
858 1001 1060 1094 Cunthart,
1086 1003 1272 1079 Parumne
1319 1005 1385 1078 Ad
1405 1010 1594 1082 tumulum
1614 1007 1655 1082 S.

250 1101 581 1179 ¹erammilactum
607 1102 775 1176 esthon
826 1099 890 1176 Isti
911 1113 1010 1193 sunt,
1045 1099 1113 1201 qui
1132 1099 1323 1194 viderunt,
1414 1104 1464 1178 dd
1488 1104 1656 1210 ltihpald
1704 1109 1722 1148 ·’

19 1189 20 1196 ¹
137 1200 353 1278 tradiditin
370 1197 688 1276 manusAbbonis
703 1213 741 1274 et
754 1197 928 1290 aliorum,
944 1200 1049 1297 quod
1062 1215 1174 1298 supra
1189 1198 1363 1294 diximus,
1425 1202 1653 1278 ereditatem

16 1311 19 1392 ξ
137 1327 263 1376 suam:
303 1299 479 1387 Gerhart,
509 1293 728 1395 Liutperht,
751 1294 999 1398 ‘Engilperhh
1034 1295 1194 1388 Pillunc,
1226 1296 1359 1395 Ogast.
1434 1299 1544 1376 Haec
1564 1311 1654 1378 sunt

136 1395 309 1472 Nomina
334 1394 501 1486 testium,
533 1392 603 1492 qui
627 1419 699 1492 per
723 1419 832 1474 aures
858 1393 970 1470 tracti
1000 1405 1106 1468 sunt:
1143 1394 1270 1468 Chuni
1298 1397 1396 1488 crht,
1430 1393 1653 1490 Ambricho,

133 1495 305 1584 -Pillune,
327 1497 460 1583 immo,
481 1483 666 1583 Crimuni,
683 1491 924 1591 Fridoperht,
941 1492 1103 1567 Ercham
1135 1493 1229 1584 erht‚
1291 1494 1451 1586 adamar,
1470 1493 1653 1595 Gerpald,

18 1581 20 1588 ’
135 1591 258 1682 Toto,
289 1589 463 1691 sipihho,
486 1587 715 1688 Vuollpero,
747 1588 917 1682 Adalrih,
943 1587 1079 1682 Vnolr,
1148 1616 1238 1682 uno,
1262 1589 1469 1690 Altiperht,
1495 1591 1652 1688 Hegilo,

140 1685 338 1765 Vuielant
364 1691 391 1760 F
392 1701 477 1762 acta
496 1684 569 1760 fuit
588 1687 684 1763 haec
698 1686 853 1762 traditio
871 1689 920 1762 ad
932 1686 1255 1767 Cundareshuson
1270 1685 1599 1764 AnnoDCCClll
1607 1689 1652 1768 V.

142 1785 418 1862 incarnationis
434 1782 597 1858 Domini
619 1784 748 1860 Nostri
767 1785 788 1860 J
793 1810 859 1862 esu
881 1783 1043 1877 Christi;
1068 1787 1185 1861 Anno
1210 1785 1380 1860 secundo
1399 1781 1551 1884 imperii
1573 1787 1654 1861 Do·
1723 1861 1731 1870 ,
1771 1794 1781 1812 “

141 1880 242 1959 mini
256 1880 497 1958 Hludouuici
511 1887 671 1976 August.
700 1881 837 1956 lndict.
850 1881 990 1961 VILV.
1001 1879 1084 1957 Kal.
1093 1883 1190 1960 Nou.
1204 1881 1268 1958 die
1282 1881 1504 1958 Dominico.
1537 1881 1654 1960 Facta
1756 1917 1769 1922 ··

140 1979 326 2056 vestitura
353 1982 401 2055 ad
427 1977 464 2052 S.
486 1978 773 2055 Emmeramum
805 1978 870 2056 die
894 1981 1020 2070 lunae,
1053 1982 1159 2080 quod
1176 1994 1233 2056 est
1260 1981 1340 2058 ΧΠ.
1361 1981 1445 2056 Kal.
1464 1982 1653 2057 Decembs

18 2150 25 2162 .
144 2077 183 2158 in
208 2079 293 2178 ipsa
313 2076 483 2152 Ecclesia
501 2077 539 2150 S.
552 2075 800 2165 Emmerami.
874 2077 1063 2154 Ellinhart
1083 2077 1277 2154 Diaconus
1298 2073 1423 2181 jussus
1441 2082 1463 2154 d
1482 2078 1654 2160 Domino
1702 2083 1708 2092 ’

140 2201 229 2258 mco
247 2174 472 2254 Adduuino
491 2173 684 2276 Episcopo
705 2171 824 2275 ipsam
844 2173 1091 2251 traditionem
1109 2176 1255 2276 scripsi,
1337 2221 1349 2232 .

194 2535 198 2544 ·
298 2595 304 2604 Ι
371 2497 489 2574 Num.
522 2493 631 2580 XIX,-
662 2491 745 2571 815.
769 2481 813 2572 ’3.
840 2493 1083 2584 Decembris.
1144 2497 1204 2574 Ex
1238 2477 1439 2596 originali.
1473 2534 1498 2544 κ·
1629 2564 1634 2572 .
1762 2491 1765 2499 ”

17 2622 20 2693 l
142 2634 297 2700 ludovici
334 2633 382 2712 pii
408 2633 609 2710 Imperatoris
645 2631 910 2716 Mundiburdium
941 2635 1120 2694 concessum
1148 2635 1339 2698 Monasterio
1369 2635 1486 2716 Ilergete
1514 2633 1548 2699 in
1576 2650 1653 2716 pago
1737 2651 1743 2656 ·

437 2741 645 2820 Tunahgowe,
672 2746 781 2817 postca
801 2739 842 2798 ad
862 2744 1002 2800 veterem
1023 2739 1181 2816 Capellam
1201 2741 1362 2818 spectanti.

241 2885 292 2960 ln
317 2881 476 2959 nomine
498 2882 646 2960 domini
671 2882 747 2960 Dei
772 2895 812 2959 et
833 2880 1037 2959 salvatoris
1060 2882 1182 2958 nostri
1203 2887 1226 2956 J
1229 2907 1294 2960 esu
1319 2881 1471 2976 Christi,
1492 2881 1656 2970 :illudo-

21 3005 24 3054 ς
138 2981 280 3060 mulctas
308 2979 436 3056 divina
453 2981 654 3058 ordinante
671 2978 1141 3081 providentialmperator
1161 2983 1374 3080 Augustus:
1413 2981 1454 3056 si
1475 2981 1655 3057 Sacerdo·
1676 3016 1680 3025 ·

143 3096 232 3158 tum
253 3106 298 3156 ac
319 3077 524 3156 Servorum
545 3079 624 3157 Dei
656 3076 876 3179 petitiones,
912 3103 1004 3180 qum
1032 3078 1145 3155 nobis
1169 3105 1239 3180 pro
1266 3077 1551 3156 necessitatibus
1578 3076 1654 3154 suis

146 3177 412 3269 innotuerant,
438 3177 485 3250 ad
506 3178 683 3252 effectum
710 3175 967 3276 perducimus,
992 3204 1073 3252 non
1092 3180 1216 3254 solum
1241 3179 1560 3253 consuetudinem
1586 3177 1654 3272 irn-

20 3275 27 3303 ⁴
146 3276 331 3377 periclem
357 3298 587 3368 exercemus,
618 3273 892 3352 verumetiam
918 3276 967 3350 ad
992 3275 1270 3351 beatitudinem
1290 3289 1467 3350 aeternae
1493 3268 1656 3353 retnhu·

148 3373 264 3450 tionis
288 3372 376 3446 talia
402 3371 638 3448 nobis'lacta
663 3373 861 3472 profutura
879 3369 1125 3472 confidimus.
1182 3371 1330 3455 Idcirco
1350 3386 1485 3448 notum
1508 3371 1555 3448 sit
1575 3395 1655 3446 om*

146 3471 259 3550 nibus
277 3466 456 3544 fidelibus
482 3470 619 3545 nostris
642 3483 721 3548 tarn
746 3470 1019 3570 praesentibus,
1063 3496 1176 3570 quam
1200 3483 1240 3546 et
1264 3469 1410 3561 suturis,
1448 3497 1516 3548 seu
1540 3470 1656 3546 etiam

147 3563 436 3644 Successoribus
458 3565 598 3666 nostris
613 3565 799 3642 ›fidelibus
824 3581 977 3643 sanctae
1004 3567 1067 3643 dei
1093 3567 1286 3660 ecclesiae,
1325 3568 1416 3670 quia
1436 3567 1655 3665 sigihardus
1748 3638 1753 3652 ,

150 3665 207 3742 uir
220 3664 448 3755 venerabilis
467 3662 563 3750 abba
581 3689 628 3744 ex
645 3664 885 3756 monasterio,
912 3667 1018 3766 quod
1035 3678 1091 3740 est
1110 3663 1226 3741 situm
1244 3666 1284 3748 in
1301 3669 1389 3741 loco
1406 3675 1657 3777 nuncupante
1720 3717 1722 3724 ι

150 3763 252 3861 Berg
267 3775 535 3838 constructum
544 3763 586 3838 in
605 3764 755 3838 honore
776 3759 922 3838 domini
945 3776 984 3852 et
1003 3763 1194 3842 salvatoris
1212 3763 1332 3846 nostri
1348 3767 1439 3840 Jesu
1460 3761 1597 3838 Christi
1614 3760 1661 3840 in·

152 3887 246 3962 pago
262 3859 586 3956 Donahgouuc
609 3858 751 3940 obtulit
769 3857 970 3935 obtutibus
993 3861 1130 3936 nostris
1151 3861 1421 3938 inmunitatem
1443 3859 1588 3948 domini
1615 3869 1657 3938 et

152 3957 332 4054 genitoris
353 3957 473 4034 nostri
486 3957 623 4034 Kar'oli
645 3953 771 4036 bonae
793 3957 1000 4034 memoriae
1018 3960 1321 4058 praestantissimi
1341 3958 1588 4058 imperatoris,
1613 3956 1658 4038 in
1703 3991 1706 4004 ’
1785 3985 1789 3991 ·

154 4083 227 4156 qua
246 4055 520 4134 continebatur
546 4067 742 4150 insertum,
775 4057 939 4156 qualiter
955 4071 1175 4134 antecessor
1207 4061 1288 4159 ejus
1314 4058 1471 4134 nomine
1491 4055 1658 4133 Uuolca·

151 4155 287 4231 nardus
310 4156 502 4252 quondam
522 4156 632 4248 abba,
658 4157 813 4255 eoquod
835 4154 1108 4230 monasterium
1126 4155 1256 4242 insuo
1279 4153 1548 4232 construxisset
1569 4179 1656 4254 pro·

151 4251 288 4352 ptio'et
302 4241 419 4335 rebus
437 4251 610 4370 propriis
621 4253 785 4352 ditasset,
809 4265 861 4334 ,et
873 4253 1121 4356 postmodum
1136 4251 1261 4362 ipsum
1276 4251 1548 4358 monasterium
1567 4276 1657 4340 curn
