3684 4804
801 282 876 337 w
913 231 996 380 κῃ
1043 265 1144 338 ω’
1280 341 1285 352 ,
1776 363 1791 374 .

378 398 497 532 Nomi
521 447 820 535 anxxvrtn
873 419 1060 558 nypsi.
1085 451 1186 552 Aug.
1234 449 1296 531 Ex
1320 447 1515 552 Originaii·
1645 447 1648 452 ’
1717 547 1721 558 ⁸

114 663 119 670 ·
193 625 382 690 Permutatio
398 618 476 702 turis
495 605 687 704 potionatis,
707 631 739 688 et
760 626 942 688 adverstitas
959 627 1114 690 Ecclesiae
1128 627 1164 689 in
1181 628 1334 706 Licaberg
1353 633 1423 692 mm
1438 630 1510 705 jure
1528 589 1715 730 petreius

463 740 496 795 ct
515 733 677 802 advocatia
697 733 851 794 Ecclesiae
866 733 907 794 in
926 733 1256 809 Sobermbacb,·bodie
1277 735 1445 796 Reteneck·
1584 761 1588 770 ·

291 877 372 956 Nos
397 832 654 956 Lodwicus
693 875 756 956 dei
781 889 847 974 gr'a
875 874 1015 956 Comes
1039 861 1149 978 palat
1176 876 1288 971 Reni3
1323 878 1402 954 dux
1428 877 1616 975 Bawariei
1647 901 1710 962 re·

195 978 462 1076 cognoscimus
486 990 525 1054 et
550 973 788 1075 presentibus
807 973 944 1052 litteris
967 975 1208 1070 confitemur,
1234 977 1339 1079 quod
1363 1003 1433 1052 nos
1451 975 1493 1053 in
1512 990 1715 1058 contnuo

195 1073 411 1176 emptionis,
444 1098 561 1173 quem
589 1097 678 1148 cnm
702 1073 931 1150 Reverendo
961 1071 1003 1149 in
1026 1075 1115 1174 xpo
1141 1089 1248 1174 patre
1273 1088 1313 1151 et
1335 1075 1746 1164 doo.Heinricc··ve·-
1778 1153 1781 1160 ,

17 1125 21 1138 ¹
56 1224 62 1231 ·
192 1173 354 1252 nerabssi
387 1173 583 1279 Ratispom
616 1171 703 1270 Epo
736 1170 896 1248 fecimus
934 1195 1049 1270 super
1082 1171 1216 1247 Castro
1255 1172 1512 1248 R‘otenekk
1548 1187 1590 1250 ct
1627 1172 1716 1252 attii

194 1270 336 1351 nentiis
358 1267 542 1378 ejusdem,
561 1293 625 1370 Jus
651 1281 873 1368 patronatus
894 1267 1026 1344 Ecclie
1050 1265 1092 1345 in
1116 1268 1390 1346 Lienberch
1416 1283 1454 1346 et
1474 1270 1714 1352 advocatiam

108 1385 110 1396 ·
193 1371 377 1542 ¹egnsdem
409 1395 498 1452 cum
520 1377 608 1467 Jur'e
632 1376 854 1472 patronatus
878 1367 1012 1444 Ecolie
1034 1377 1077 1442 in
1100 1365 1418 1444 Schermbach
1450 1381 1490 1442 et
1516 1369 1714 1448 advocatia

197 1465 337 1545 'idem
365 1475 661 1566 permutavimus
694 1490 784 1542 cum
817 1465 968 1556 ecdem,
999 1475 1149 1539 maturo
1174 1463 1347 1540 Consilio
1378 1465 1715 1562 precedentem

44 1631 52 1642 ,
193 1578 468 1661 cognoscentes
492 1561 709 1662 supradicto
741 1563 821 1640 dno
849 1561 935 1670 Epo
962 1574 1001 1638 et
1028 1561 1160 1668 Ecclie
1185 1562 1383 1661 Ratispon.
1406 1560 1449 1635 in
1477 1561 1558 1662 ipsa
1582 1563 1714 1642 eccm
1806 1585 1813 1600 ·

56 1689 67 1710 ·
185 1659 412 1738 -Lienbcrch
439 1673 478 1737 et
501 1661 636 1736 cadem
660 1657 855 1748 advocatia
875 1684 937 1760 Jus
962 1663 1120 1759 plenum
1140 1671 1181 1734 et
1201 1659 1415 1755 integrum,
1441 1657 1541 1734 sicut
1567 1660 1643 1736 eti
1671 1681 1714 1741 sa

193 1758 306 1837 nobis
330 1755 372 1834 in
392 1761 520 1834 Ecclta
540 1751 795 1832 Schermbach
825 1769 866 1832 et
888 1755 1093 1834 ’advocatia
1114 1755 1259 1833 ibidem
1283 1759 1331 1832 de
1353 1781 1539 1832 consensu
1565 1765 1624 1841 sui

167 1855 308 2030 ,fistuli
332 1851 391 1970 jus
415 1852 624 1955 plenarium
652 1853 886 1950 recognovit,
924 1867 1041 1955 prout
1061 1851 1233 1954 superius
1266 1853 1586 1955 ,est'eppressum3
1621 1879 1715 1934 com
1776 1891 1780 1895 ·

80 1969 88 1988 “
225 1966 351 2031 temus
376 1973 531 2052 insuper
557 1964 596 2028 et
623 1950 873 2052 solempniter
900 1951 1149 2052 publicamus,
1182 1951 1288 2052 quod
1321 1961 1392 2025 nos
1421 1951 1469 2026 ad
1495 1949 1715 2034 instantiam

194 2057 300 2128 suam
326 2048 399 2126 sibi
426 2064 466 2126 et
492 2047 624 2138 Ecclie
650 2041 847 2150 Ratispnni
878 2047 1053 2125 homines
1078 2075 1168 2124 nros
1196 2062 1236 2123 in
1262 2047 1598 2128 vHohenburch
1634 2048 1714 2126 No«

106 2201 110 2206 ·
194 2159 310 2226 ricem
336 2146 516 2226 videlicet
535 2146 740 2224 Aibertnm
771 2147 821 2222 dc
848 2147 1076 2238 Aemberch,
1109 2143 1371 2222 Maechtildim
1400 2172 1504 2220 suam
1528 2147 1715 2240 Uxorem,

173 2243 408 2344 *liopertum
433 2245 769 2336 dictumschrnm,
804 2243 979 2323 Ulricum
1006 2241 1149 2324 dictum
1173 2243 1441 2344 Chnoblnuch,
1475 2240 1716 2322 Friderianm

194 2345 339 2420 dictum
367 2342 588 2442 Sciaoerpel‚
620 2342 847 2420 Heius-icum
876 2343 1019 2418 dictum
1047 2341 1259 2416 Cbldkchel
1290 2366 1377 2415 cum
1409 2341 1554 2416 duabus
1577 2351 1715 2426 sororis

193 2441 265 2538 bus
292 2439 380 2530 suis,
413 2439 637 2516 Heinricum
666 2441 776 2516 Perel
806 2452 847 2514 et
868 2454 1028 2515 matrem
1053 2465 1170 2530 suam,
1209 2463 1305 2538 quos
1333 2448 1571 2537 proprietatis
1595 2437 1712 2524 titulo

108 2561 113 2568 ·
194 2535 428 2639 possedimus
451 2534 691 2636 abantiquo,
724 2535 898 2626 dedimus
919 2548 963 2612 et
992 2535 1216 2612 donavimus
1240 2546 1462 2634 proprietatis
1487 2533 1574 2637 jure
1595 2536 1716 2637 possi«

64 2695 72 2702 .
196 2637 342 2713 dendos
366 2633 488 2710 libere
514 2647 553 2710 et
576 2631 733 2732 precise,
759 2659 845 2706 cum
867 2641 971 2707 omnt
995 2628 1092 2731 jure,
1145 2633 1224 2706 uod
1243 2631 1355 2706 nobis
1375 2642 1417 2706 in
1444 2631 1588 2712 eisdem
1610 2659 1714 2712 coma

194 2730 353 2834 petebat
377 2732 441 2807 rel
460 2741 693 2829 'competere
714 2727 924 2822 videbatur,
956 2753 1069 2828 quam
1095 2660 1371 2805 liberalitatem·
1385 2727 1490 2805 idem
1511 2733 1613 2847 Epus
1642 2757 1715 2834 per

196 2828 442 2908 donationem
469 2827 670 2913 hominum
692 2823 946 2902 habitantium
970 2838 1011 2901 in
1036 2825 1200 2924 Aigels
1242 2821 1327 2907 ech
1353 2839 1394 2903 et
1411 2825 1557 2906 ibidem
1577 2855 1630 2906 tn:
1645 2842 1714 2906 cir·

190 2928 302 3006 cuitu
327 2928 583 3019 residentium,
615 2949 711 3026 quos
738 2925 857 3021 Hugo
889 2923 990 3000 inter
1011 2923 1150 3002 latinos
1179 2855 1252 3001 sibi
1276 2923 1397 3005 libere
1425 2924 1639 3022 resignavit,
1672 2938 1713 3004 et
1764 2953 1770 2960 ·

198 3027 247 3102 de
270 3023 413 3137 quibus
431 3050 503 3192 per
530 3049 617 3105 eum
643 3022 828 3100 infeodati
847 3045 984 3112 sumus,
1015 3023 1125 3097 nobis
1155 3019 1459 3120 recompensavit
1485 3023 1557 3096 sub
1584 3047 1606 3096 c
1658 3023 1716 3100 di·

196 3121 364 3202 tionibus
387 3120 428 3196 in
445 3121 643 3229 rescriptis,
673 3133 718 3198 ut
742 3120 773 3197 si
797 3119 951 3198 eosdem
978 3120 1151 3195 honttnes
1175 3142 1245 3219 per
1273 3141 1523 3219 quoscunque
1552 3145 1576 3194 a
1602 3145 1656 3196 nn
1682 3129 1714 3196 ts

196 3223 261 3297 vel
280 3217 417 3295 eodem
439 3218 526 3314 Epo
550 3241 633 3316 pure
659 3218 857 3315 contingat
884 3226 1019 3308 evinci,
1042 3219 1105 3292 vel
1128 3225 1159 3290 si
1181 3213 1293 3290 nobis
1322 3228 1561 3310 remaneam,
1578 3235 1617 3294 et
1644 3241 1713 3300 sos

197 3313 393 3394 debilioris
415 3327 533 3388 status
557 3318 621 3390 vel
643 3314 874 3390 conditionis
899 3313 1114 3390 eonstiterit
1135 3335 1230 3404 esse,
1252 3339 1366 3414 quam
1388 3337 1489 3405 noos,
1512 3324 1554 3389 in
1571 3313 1714 3414 quibus

168 3412 271 3490 'sibi
301 3427 341 3510 et
368 3411 500 3486 Ecclie
532 3435 599 3487 sue
635 3410 774 3488 fuimus
804 3409 993 3498 liberates,
1033 3429 1082 3488 ex
1113 3425 1207 3488 tunc
1236 3407 1311 3510 'pro
1349 3409 1506 3493 arbitrio
1540 3409 1712 3490 fidelium

197 3535 368 3601 urorum,
402 3507 599 3587 Chunradi
618 3509 670 3583 de
691 3509 861 3600 E'rnvels
892 3521 933 3584 et
957 3506 1191 3614 Wtchnandi
1219 3510 1270 3583 de
1292 3507 1575 3623 Eyrtngsburch
1601 3507 1712 3592 nobis

199 3605 279 3688 etit·
295 3617 600 3708 recompensatio
629 3605 829 3683 facienda..
854 3605 916 3680 -In
934 3629 1042 3706 cujus
1063 3607 1120 3683 rei
1144 3605 1406 3684 testimonum
1434 3621 1630 3706 presentes
1651 3611 1713 3685 ttt-
1729 3640 1746 3660 v

198 3717 297 3794 teras
312 3703 497 3782 dedimus
526 3701 649 3802 Sigilli
674 3701 734 3780 nri
763 3699 902 3780 robore
931 3703 1192 3783 communitas.
1252 3703 1343 3784 Dat.
1369 3703 1577 3812 Ratispone
1604 3729 1743 3814 anuo·

66 3833 80 3840 ·
200 3801 269 3879 dni
290 3803 395 3904 12279·
417 3795 615 3892 xit‘ltat
640 3799 884 3902 Septembris.

468 3965 624 4050 sigtttnm
641 3964 747 4035 Ducis
766 3941 910 4050 sptiutn
931 3983 1000 4030 non
1020 3952 1104 4028 citit
1123 3919 1255 4068 tiresum¹
1272 3965 1445 4052 adpendet.
1522 3985 1525 3992 ¹
1641 3961 1665 3988 ·”

757 4167 1161 4188 m
