3710 4838
24 959 34 967 ‘
80 951 84 958 ’
146 947 252 1038 dum,
279 944 436 1046 adjectis
460 954 525 1044 qui

747 273 824 380 ’δή
869 265 942 367 ’456
990 255 1086 342 ms
1151 249 1174 304 ⁸·

143 427 316 564 propier'
334 431 626 546 considerarim,
657 448 763 554 ‘quod
775 445 957 556 ¹salaritiis·
976 443 1180 528 Ordinatio
1201 448 1338 552 super·
1352 431 1552 528 benefieiis
1581 451 1684 548 miss

87 573 91 588 '
254 549 470 636 choralis
493 550 706 649 vulgariter¹
717 563 998 652 nuncupantur,
1014 547 1065 624 in
1088 549 1248 626 abusum
1269 575 1341 654 pro
1360 559 1469 650 parte
1490 550 1601 642 ierat,
1627 568 1666 630 et

144 665 309 758 propter
340 651 593 726 mutationem
620 649 822 750 temporis,
861 641 1197 724 et'niehilominus
1232 660 1486 748 personarum
1510 646 1671 750 minime

143 751 381 840 servabatur,
408 747 683 846 deliberatione
713 742 873 848 provida
896 745 1070 846 duximus
1096 745 1383 839 innovandum,
1417 745 1523 846 quod
1547 745 1679 824 fidelis·
1759 797 1762 803 -

34 877 36 880 ·
134 863 321 933 ‘adustas
346 851 515 936 instrum,
554 847 838 942 redecessorum
864 869 1024 940 urorum
1050 867 1099 921 ex
1121 842 1345 922 sinceritate
1372 843 1483 921 duxit
1506 857 1672 924 statuen-
1740 941 1748 948 ·

529 871 885 1032 immunitione,
919 967 1017 1042 quos
1043 941 1142 1016 circa
1167 939 1244 1016 hoc
1266 940 1450 1040 temporis
1478 953 1517 1023 et
1543 951 1669 1042 perso·
1707 989 1711 998 -
1781 985 1785 1005 ι

145 1045 287 1127 nauumx
310 1043 459 1130 novitas
479 1040 728 1140 requirebat:
755 1044 987 1116 innovamus
1011 1049 1202 1138 igion-ut
1227 1041 1534 1140 quandocunque
1562 1042 1667 1121 dein·

145 1168 237 1244 ceps
291 1143 443 1218 oliorale
486 1137 722 1218 beneficium
769 1163 889 1232 unum
931 1139 996 1212 vel
1034 1139 1141 1235 plura
1160 1160 1313 1212 ·vacare
1347 1137 1567 1233 contigerit
1620 1164 1670 1220 ex

24 1249 28 1262 '
88 1258 95 1288 t
132 1259 380 1342 „quacunque
421 1263 529 1315 causa
542 1291 553 1329 ,
613 1236 738 1336 primo
780 1232 1037 1334 praepositus,
1092 1233 1260 1336 secundo
1304 1233 1483 1314 decanus,
1506 1231 1669 1336 potestass

61 1365 63 1370 ·
112 1350 237 1420 „tem
259 1339 434 1424 habeant,
476 1361 612 1414 vacans
641 1361 708 1412 seu
746 1331 920 1416 vacantia
955 1327 1141 1444 beneficiat
1156 1355 1239 1444 ¹pro
1272 1356 1390 1406 censu
1428 1357 1476 1408 ex
1506 1333 1669 1434 antiquo

24 1465 34 1526 j,
144 1434 255 1514 hmoi
289 1431 487 1532 beneficiis
520 1431 701 1530 imposito
733 1427 949 1506 assumendi
981 1427 1022 1503 in
1060 1445 1209 1528 seraptis
1235 1454 1303 1524 seu
1340 1439 1454 1504 etiam
1483 1431 1674 1528 eligendi,
1729 1468 1742 1510 .·
1829 1505 1831 1520 .

146 1531 290 1608 deinde
318 1557 388 1639 per
410 1531 538 1608 tratres
563 1531 612 1605 de
633 1529 811 1628 Capitulo
839 1525 881 1600 in
902 1524 1031 1626 Ecolia
1052 1553 1119 1600 nra
1145 1511 1354 1604 residentes
1373 1531 1583 1603 secundum
1610 1530 1671 1606 in·

98 1670 104 1690 ·
135 1630 319 1722 troitum,
350 1651 431 1704 non
456 1626 667 1704 secundum
701 1631 829 1700 locum
866 1635 906 1698 et
941 1626 1090 1700 stallum
1121 1622 1164 1700 in
1190 1622 1318 1700 Chore
1343 1638 1382 1700 et
1407 1635 1448 1698 in
1474 1623 1671 1724 Capitulo,

57 1753 62 1764 ’
147 1728 289 1804 electio
310 1751 378 1800 seu
399 1751 520 1798 assum
543 1722 605 1798 tio
629 1721 903 1798 beneficiorum
925 1734 1139 1810 vacantium
1162 1723 1298 1810 currat,
1316 1748 1513 1822 quousque
1532 1750 1671 1801 omues

91 1839 96 1848 ’
143 1824 281 1920 iratres
309 1824 357 1896 de
388 1751 567 1917 Capituio
596 1821 782 1916 elegerint
809 1819 1085 1912 successione,
1119 1835 1207 1894 rout
1229 1819 1436 1905 Electionis
1464 1846 1532 1919 per
1556 1849 1672 1910 yacu-

148 1922 297 2000 tionom
323 1917 600 1992 beneficiorum
623 1918 831 1995 obtulisse
858 1916 1024 1992 incultas.
1052 1979 1055 1986 .
1088 1847 1290 2016 iostquam
1318 1927 1409 1993 'vero
1439 1919 1567 1994 iratres
1589 1947 1675 1998 om·

57 2020 62 2048 ¹
102 2029 108 2048 ¹
146 2037 219 2105 nes
242 2033 280 2093 et
302 2015 440 2111 singuli
465 2017 512 2090 de
533 2015 712 2114 Capitulo
735 2015 776 2090 in
800 2012 928 2089 Ecciia
950 2042 1018 2108 nra
1038 2014 1216 2090 videlicet
1242 2014 1449 2092 residentes
1470 2021 1675 2114 elegerint,

85 2113 86 2118 ’
146 2126 304 2192 servato
321 2112 458 2188 ordine
482 2111 718 2213 supradicto,
744 2111 884 2203 electio
908 2135 973 2186 seu
994 2123 1197 2210 assumptio
1223 2111 1500 2188 beneficiorum
1524 2115 1675 2196 deindo

134 2208 363 2292 ‚vacantium
391 2212 439 2284 ad
467 2209 714 2310 prepositum,
741 2211 926 2284 decanum
955 2220 993 2282 et
1016 2207 1148 2284 fratres
1172 2209 1265 2285 alios
1286 2212 1500 2310 supradicto
1530 2217 1674 2294 ordine

146 2321 374 2398 revertatur,
398 2308 451 2382 ita
470 2321 613 2401 tamen,
637 2309 741 2407 quod
764 2309 892 2408 nullus
916 2305 1270 2383 Concanonicorum
1297 2335 1452 2382 urorum
1480 2313 1676 2408 predicto-
1692 2365 1696 2370 -a

145 2433 234 2484 rum
254 2407 489 2506 presentium
514 2423 553 2481 et
572 2406 800 2495 futurorum,
825 2411 888 2502 qui
909 2403 1125 2499 nonhabet
1146 2404 1328 2496 redditus,
1346 2406 1417 2480 nisi
1432 2408 1680 2506 prebendam
1794 2460 1797 2470 ·

147 2529 269 2594 mam,
294 2526 361 2578 seu
384 2502 433 2577 sit
456 2501 545 2576 alias
569 2504 667 2578 adeo
689 2500 875 2597 indigens,
910 2504 1012 2600 quod
1035 2501 1190 2593 dehoc,
1221 2529 1270 2576 an
1292 2504 1339 2578 sit
1361 2506 1556 2597 solvendo,
1585 2533 1676 2608 pro·

46 2665 49 2676 .
79 2677 83 2686 ,
148 2597 330 2677 habiliter
352 2589 561 2691 dubitetur,
584 2599 634 2676 de
652 2596 851 2694 benefieiis
874 2597 1094 2696 vacantibus
1113 2626 1192 2676 uno
1217 2605 1279 2688 vel
1305 2601 1474 2702 pluribus
1490 2604 1677 2700 eligendi

148 2702 215 2780 vel
230 2697 448 2798 assumendi
468 2698 608 2774 habeat
632 2705 881 2799 potestatem,
906 2696 978 2772 nisi
1004 2710 1062 2772 tot
1088 2712 1128 2774 et
1152 2699 1256 2793 talia,
1282 2702 1385 2799 quod
1403 2699 1559 2776 Summa
1582 2727 1696 2781 cen··

120 2804 213 2873 ‘aus
232 2820 299 2872 seu
319 2793 528 2895 pensionis,
554 2820 628 2896 que
650 2795 700 2872 de
722 2795 836 2870 hmoi
855 2795 1019 2875 debetur
1044 2795 1259 2890 beneficiis,
1286 2795 1564 2876 estimationem
1596 2803 1679 2878 [ω-
1715 2808 1721 2828 ’

148 2905 282 2974 situum
310 2892 507 2993 prebende
528 2918 597 2968 sue
616 2891 851 2990 aliquatenus
874 2919 955 2968 non
973 2895 1143 2983 excedat,
1166 2897 1228 2969 vel
1250 2893 1472 2994 pignoribus
1490 2917 1553 2972 aut
1577 2898 1679 2976 fide-

129 2989 365 3098 jussoribus·
378 2991 531 3094 plenam
554 2991 604 3066 de
624 2989 817 3070 solutione
841 2989 987 3065 Census
1017 2989 1311 3090 beneficiorum,
1346 2985 1423 3094 que
1449 2994 1588 3096 'recipit
1622 2995 1681 3071 fa-

36 3125 39 3130 ·
149 3091 243 3185 aiat,
267 3103 474 3192 antequam
499 3097 678 3187 recipiat,
712 3086 891 3188 Capitulo
910 3085 1172 3168 cautionem.¹
1204 3091 1320 3186 Quod
1345 3093 1375 3168 si
1408 3108 1488 3182 no‘n
1520 3093 1681 3188 iecerit,
1791 3179 1798 3188 ,

24 3279 27 3282 ,
150 3192 357 3281 electione,
443 3197 607 3286 eipsum
627 3197 849 3282 contigerit,
881 3198 929 3262 sit
960 3183 1122 3286 privatus
1145 3197 1226 3286 ipso
1259 3187 1377 3284 iacto,
1409 3194 1516 3265 etad
1537 3193 1683 3274 subse-

208 3297 315 3361 entes
347 3287 397 3360 de
414 3296 547 3359 ectum
577 3309 658 3359 non
694 3285 878 3360 habentes
909 3284 1016 3366 iimoi
1040 3287 1187 3362 'electio
1220 3302 1343 3362 currat
1373 3289 1509 3365 ordine
1539 3315 1683 3391 supra-

180 3381 269 3456 icto.
331 3379 554 3456 Inhibemus
577 3381 693 3457 ctiam
716 3381 758 3456 in
782 3379 938 3460 Virtute
959 3407 1034 3478 sce.⁴
1045 3383 1267 3466 obedientie
1291 3403 1331 3461 et
1347 3385 1397 3460 ob
1419 3384 1686 3466 testationem

148 3477 345 3580 tremendi
365 3472 510 3578 judicii,
535 3473 687 3596 nequis
705 3479 862 3556 fratrum
881 3483 996 3576 alium
1011 3505 1117 3583 suum
1136 3483 1290 3557 fratrem
1307 3481 1346 3557 in
1366 3482 1487 3559 Cursu
1508 3486 1685 3564 eiectio-

150 3575 211 3658 ·nis
236 3576 419 3679 predicte,
445 3573 525 3654 sive
548 3577 655 3654 utilia
678 3588 752 3653 sint
778 3579 841 3654 vel
856 3577 1004 3654 inutilia
1023 3573 1210 3656 beneficia
1230 3580 1409 3674 vacantia,
1437 3579 1539 3674 doio,
1579 3583 1689 3660 irau-

62 3671 68 3690 ‘
151 3675 221 3768 519,
256 3673 438 3774 captione*
458 3673 626 3778 qualibet
651 3675 703 3752 im
734 3675 842 3752 odiat,
857 3681 920 3754 vel
943 3676 1178 3776 subplantet,
1201 3678 1314 3770 sicut
1338 3679 1520 3757 hactenus
1545 3693 1687 3762 nosci-

24 3871 25 3874 *
149 3783 214 3849 tur
239 3798 318 3849 esse
344 3769 483 3848 factum
508 3799 531 3847 a
556 3773 693 3872 quibus
727 3789 780 3849 ‘m
802 3774 933 3866 Zelum
955 3774 1017 3850 dei
1039 3801 1118 3851 uon
1142 3774 1373 3860 habentibus
1392 3775 1432 3852 in
1456 3777 1528 3854 hac
1550 3803 1687 3892 parte.

28 3896 31 3916 ¹
151 3869 254 3966 Quia
274 3895 367 3946 vero
390 3895 507 3972 super
524 3870 611 3963 hoc,
637 3873 704 3972 qui
728 3871 859 3948 iratres
882 3873 1048 3950 deheant
1073 3873 1281 3952 residentes
1306 3886 1346 3949 in
1366 3901 1434 3950 nra
1456 3875 1595 3952 Ecclra
1623 3903 1689 3956 re-
1755 3901 1765 3914 “

97 4017 98 4020 ,
153 3965 290 4069 putari,
316 3981 373 4043 est
404 3969 589 4047 humerus
611 3969 825 4048 dubitatum
852 3984 893 4052 et
910 3971 1410 4072 'eliquatemss‚ulieioetum,
1433 3974 1688 4052 declaramus
1825 4037 1831 4058 .

149 4063 560 4164 presentibus-litteris,
591 4067 799 4162 residentes
826 4069 968 4153 debere
995 4071 1046 4148 de
1076 4074 1206 4146 cetero
1237 4083 1406 4170 reputari
1432 4096 1498 4166 eos
1529 4069 1686 4150 {intres

150 4173 314 4266 tautum,
337 4165 412 4264 qui,
422 4163 563 4274 iti-aliis
582 4163 734 4250 Eodiis,
739 4165 955 4294 prebendas
974 4165 1212 4272 ‚obtinentes
1235 4166 1591 4290 rdinascptimanas
1620 4173 1685 4254 13.
