3648 4850
776 229 1067 375 wa

66 483 78 502 ⁴
163 454 237 538 bus
262 476 339 536 tata
365 455 645 566 ppaesentlbus,
692 463 696 468 '
726 479 786 534 ‘m
818 459 936 534 etiam'
949 451 1104 552 laturis,
1137 451 1301 560 qualiter
1319 470 1474 539 sanctae
1503 461 1677 568 Ratispo-

164 569 290 634 nensis
309 561 510 648 ‚Ecclesiae
525 559 680 632 'honora
710 556 770 632 ilis
795 555 967 648 Praesul,
999 566 1157 634 nomine
1183 557 1325 651 Tuto,
1350 574 1390 635 et
1416 561 1565 640 Nobilis
1595 566 1677 665 qoi-

78 671 89 686 ‘
134 696 137 705 ·
164 658 262 749 dam,
288 669 351 732 cui
373 682 515 731 nomen
534 656 762 746 Druoant,
786 657 967 756 quasdam
987 655 1174 753 chartulas
1195 657 1277 754 pari
1293 673 1430 745 tenore
1448 661 1678 763 conscriptas
1777 706 1781 720 ι

164 755 299 830 nostris
320 757 540 830 detulerunt
560 753 836 853 conspectibus,
860 765 901 828 in
923 754 1059 852 quibus
1079 755 1346 830 continebatur
1365 767 1560 854 insertum,
1583 789 1677 861 quo·

163 843 284 928 modo
314 880 384 956 pro
412 850 608 952 communi
634 850 798 928 utilitate
829 853 929 928 inter
956 875 998 926 se
1032 851 1224 950 quoddam
1253 853 1529 930 concambium
1550 858 1676 937 lacere

139 952 399 1052 ‘conplacuit,
433 951 697 1048 deprecantes,
729 951 803 1022 hoc
828 963 979 1024 nostrae
1001 947 1237 1023 auctoritatis¹
1252 949 1465 1028 munimine
1490 955 1677 1054 roborari,

40 1059 43 1066 '
146 1051 269 1152 ,quod
288 1069 327 1124 et
351 1049 591 1139 itadecimus.
639 1047 812 1122 Tradidit
836 1058 978 1147 quippe
1001 1049 1103 1122 idem
1122 1047 1300 1146 Druoant
1333 1059 1461 1137 rariter
1481 1079 1568 1128 cum
1593 1053 1676 1132 lilio

161 1173 248 1240 suo,
274 1145 436 1222 Walach
462 1147 748 1237 nominato‚⁴ad
778 1157 951 1220 sanctum
976 1143 1053 1220 Dei
1080 1161 1284 1248 martyrem
1306 1074 1605 1245 ijmmeramum,
1632 1165 1675 1234 in

160 1269 317 1324 manum
338 1243 517 1320 videlicet
546 1242 702 1344 praelati
726 1241 800 1342 Epi
829 1257 869 1320 et
898 1241 1071 1318 advocati
1096 1255 1152 1325 sui
1181 1244 1374 1336 Get-aharii
1401 1249 1674 1348 proprietatem

161 1367 278 1436 suam,
302 1345 453 1444 qualem
477 1341 612 1416 habuit
635 1343 685 1419 ad
710 1339 1066 1433 Pirichwanch,
1101 1361 1140 1418 et
1163 1344 1211 1416 ad
1235 1343 1423 1436 Titieu,
1449 1350 1487 1420 id
1514 1363 1570 1424 est
1594 1350 1671 1424 Ec·

2 1500 3 1510 ,
31 1516 39 1534 ,
161 1443 315 1518 elesiam
340 1443 573 1531 decimatam,
597 1461 731 1514 'casam
758 1466 847 1514 cum
873 1453 993 1530 curte,
1020 1439 1253 1539 caeterisque
1279 1439 1470 1533 aedificiis,
1496 1447 1679 1523 deterra·

50 1588 54 1596 ·
159 1539 290 1615 arabili
308 1539 426 1616 hobas
445 1539 513 1614 ⁴td.
537 1549 668 1634 iugera
683 1563 734 1634 7,
758 1539 806 1613 de
827 1538 940 1638 pratis
970 1562 1127 1638 quoque
1148 1533 1282 1640 jugera
1305 1565 1364 1636 77.
1390 1542 1438 1614 de
1461 1541 1552 1617 silva
1577 1535 1672 1620 vero

29 1681 32 1686 Α
128 1637 292 1734 =iugera
319 1637 397 1714 136.
421 1665 509 1712 cum
538 1635 716 1710 omnibus
737 1637 785 1708 ad
811 1639 943 1714 eadem
969 1640 1054 1712 loca
1081 1641 1154 1712 rite
1182 1639 1477 1735 pertinentibus,
1504 1642 1672 1815 exceptis
1759 1673 1769 1692 ⁴

160 1734 369 1835 mancipiis.
440 1737 606 1808 Econtra
629 1757 721 1810 vero
750 1736 886 1809 eodem
902 1736 1105 1828 ‚advocato
1133 1743 1368 1828 'cum-manu
1396 1741 1565 1816 eiusdem
1629 1742 1670 1840 pi

159 1836 379 1924 retradente
404 1850 637 2004 acceperunt
661 1841 879 1932 praescripti
901 1834 1049 1907 nobiles
1068 1828 1139 1908 viri
1163 1823 1243 1908 sibi'
1259 1833 1554 1934 in‘perpetuarn
1585 1865 1671 1940 pro·

83 2004 88 2012 ,
159 1944 361 2032 prietatem
383 1931 432 2006 de
452 1950 494 2005 re
523 1955 566 2004 us
591 1950 821 2005 memoratae
841 1930 1034 2006 Ecclesiae
1059 1941 1100 2006 in
1126 1933 1233 2024 loco,
1269 1942 1336 2034 qui
1359 1931 1670 2036 Eskilinpach
1711 1991 1714 1994 -

63 2059 65 2064 ·
159 2027 307 2120 dicitur,
337 2025 546 2104 Ecclesiam
576 2027 799 2102 decimatam
832 2054 915 2102 cum
942 2027 1053 2101 hubis
1076 2029 1234 2124 duabus,
1267 2042 1415 2105 curtem
1441 2032 1554 2109 etiam
1578 2061 1672 2118 cum
1744 2055 1749 2070 ·

85 2133 87 2148 ’
160 2151 243 2204 casa
264 2141 303 2202 et
323 2124 477 2226 reliquis
497 2123 694 2218 aedificiis,
721 2125 775 2218 ¹de
798 2145 898 2202 terra
916 2125 1046 2200 arabili
1073 2124 1193 2202 hubas
1219 2153 1307 2220 sex,
1333 2129 1381 2202 de
1402 2129 1516 2230 pratis
1536 2125 1671 2229 iugera'

16 2205 24 2216 i
66 2226 71 2248 '
157 2225 216 2311 ³5,
242 2252 330 2300 cum
353 2222 529 2301 omnibus
555 2226 645 2298 illuc
666 2235 763 2300 iuste
792 2221 1085 2324 pertinentibus,
1125 2238 1165 2302 et
1192 2227 1253 2320 ad¹
1273 2225 1516 2328 Rindp'ac'h
1544 2231 1671 2328 terrae

156 2323 307 2398 arabilis
335 2323 453 2397 hobas
473 2322 510 2424 ξ».
530 2323 659 2418 iugera
680 2345 714 2419 7.
743 2325 887 2397 curtilia
914 2349 947 2397 a.
973 2323 1021 2397 de
1044 2322 1157 2422 pratis
1179 2323 1310 2420 iugera
1338 2341 1393 2400 to.
1416 2328 1477 2402 de
1501 2325 1670 2402 siiva‘iu-
1705 2359 1723 2384 ν

157 2445 249 2520 gera
288 2419 367 2498 136.
403 2433 443 2496 et
475 2421 661 2496 decimam
695 2419 774 2496 eius
803 2443 871 2520 pro
900 2419 993 2494 n‘am
1027 2421 1173 2520 proprii
1199 2421 1338 2497 navalis
1368 2433 1427 2498 sui
1456 2425 1505 2500 ad
1549 2423 1669 2501 Rind-

157 2521 271 2620 pach,
297 2521 401 2621 quod
426 2518 507 2620 ipse
533 2519 708 2594 Druoant
729 2531 839 2594 antea
857 2449 1002 2594 ibidem
1028 2520 1257 2618 comparavit
1282 2532 1322 2595 et
1341 2533 1579 2624 exstirpavit,
1604 2550 1667 2601 ac-

155 2620 261 2732 eepit
285 2645 356 2720 pro
384 2619 446 2695 illa
473 2617 638 2708 decima,
678 2641 790 2717 quam
817 2617 864 2690 ad
892 2615 1185 2707 Pirehinwanch
1208 2620 1420 2695 tradiderat.
1484 2621 1685 2698 iussimus:

182 2719 314 2800 uidem
341 2716 449 2792 iuxta
480 2718 715 2791 voluntatem
746 2711 943 2815 petitionis
973 2737 1106 2789 eorum
1141 2715 1301 2800 recitata
1326 2727 1497 2817 superius
1528 2745 1699 2798 earum.

156 2744 245 2892 dem
273 2815 369 2892 serie
396 2815 620 2896 cartularum
649 2813 725 2888 hoc
743 2836 928 2911 praesens
954 2811 1198 2888 Celsitudinis
1231 2828 1381 2906 nostrae
1416 2833 1666 2918 praeceptum

155 2912 247 2991 inde
267 2911 469 3008 conscribi,
513 2933 592 3024 per·
611 2913 717 3010 quod
748 2913 986 2986 decernimus
1013 2937 1057 2984 ac
1091 2910 1193 3007 regia
1216 2911 1452 3004 ‚auctoritate
1480 2916 1666 3028 praecipi·

26 3023 30 3030 '
156 3039 257 3105 mus,
283 3008 461 3113 quatinus
483 3007 713 3108 propitiante
735 3006 887 3082 Cbn'sto
913 3007 1107 3120 perpetuis
1126 3007 1359 3106 temporibus
1384 3013 1491 3087 nullo
1514 3023 1665 3112 inquie-

158 3123 262 3187 tante
282 3111 321 3185 id
342 3111 467 3210 ipsum
490 3105 755 3182 concambium
778 3131 848 3206 per
869 3131 996 3179 omma
1005 3139 1019 3194 ,·
1040 3105 1144 3180 utin
1171 3109 1320 3180 canillis
1339 3107 1510 3202 habetur,
1534 3123 1664 3187 ratum

73 3216 77 3225 '
156 3233 380 3308 semperque
401 3206 572 3281 futurum
592 3213 827 3304 perseveret,
861 3205 913 3280 ita
938 3203 1141 3296 duntaxat,
1174 3215 1218 3278 ut
1243 3203 1429 3305 quidquid
1455 3231 1538 3307 pars
1563 3210 1665 3308 parti

156 3307 340 3396 eontulit,
385 3313 468 3380 iure
494 3329 564 3402 pro
592 3301 733 3377 rietatis
756 3301 831 3375 utri
889 3326 1000 3400 eper
1023 3301 1312 3398 generationum
1335 3306 1590 3382 successiones
1614 3317 1665 3383 ir-

113 3409 118 3422 '
155 3401 426 3500 refragabiliter
449 3403 545 3500 parti
566 3329 752 3490 brmetur.
855 3413 871 3474 t
898 3413 942 3474 ut
968 3400 1062 3476 haec
1088 3397 1388 3486 confirmationis
1416 3417 1568 3479 nostrae
1598 3430 1666 3480 au-

39 3511 42 3516 '
130 3502 307 3577 'ctoritas
327 3525 349 3572 a
373 3501 478 3574 nullo
499 3523 669 3598 unquam
690 3496 865 3590 violetur,
891 3496 985 3597 quin
1038 3510 1137 3574 otius
1158 3495 1368 3574 firmissima
1389 3500 1596 3578 stabilitate
1616 3501 1664 3584 in
1699 3521 1701 3527 '

128 3617 132 3625 ’
155 3617 354 3686 aeternum
371 3593 649 3687 corroboretur,
677 3621 791 3672 manu
817 3609 945 3671 nostra
965 3523 1098 3672 subter
1122 3623 1204 3673 eam
1233 3616 1272 3672 et
1292 3595 1521 3674 firmavimus
1543 3613 1583 3674 et
1605 3597 1665 3676 Si-

155 3697 246 3795 gillo
264 3707 395 3771 nostro
413 3694 589 3790 assignari
608 3693 791 3784 iussimus,
840 3695 941 3782 Data
965 3695 1017 3768 id.
1043 3695 1136 3772 Maii
1155 3721 1256 3770 anno
1276 3693 1437 3770 Domini
1464 3696 1546 3798 905.
1594 3700 1684 3778 ln·.

37 3853 78 3872 ,,
148 3787 326 3870 ‘dictione
348 3791 455 3867 viii.
480 3819 582 3866 anno
604 3817 696 3868 vero
717 3791 824 3890 regni
849 3793 963 3890 Regis
985 3790 1222 3870 Hludouuici
1244 3793 1364 3870 sexto.
1413 3794 1556 3872 Actum
1574 3796 1663 3875 lte-
1789 3797 1802 3806 ”

156 3893 265 3992 gina
291 3889 517 3994 Civitatem
540 3887 617 3967 Dei
642 3901 799 3968 nomine
825 3891 986 3970 feliciter
1006 3909 1123 3970 aruen

796 4193 819 4234 X
