3710 4838
695 289 798 374 .‘⁴-‘⁴.
836 225 1031 386 wop-ti
1084 325 1090 332 .

1 469 2 476 '
124 461 208 568 ipso
227 437 338 550 licto.
387 457 474 533 Nos
498 465 592 532 iero
612 449 661 556 ,in
688 437 1084 554 re'compensationem
1108 452 1214 533 'dicte
1239 451 1375 531 domus
1398 465 1439 531 ei
1464 475 1639 532 arearum

26 571 28 576 ’
72 563 97 649 ’,
124 563 316 641 novellam
337 554 489 633 vineam
517 565 640 630 totam
664 549 708 626 in
731 551 937 643 Bachen,
963 579 1076 651 quam
1102 551 1315 650 liudigerus
1331 554 1379 631 de
1397 551 1553 628 Bachen
1579 579 1639 630 re·

52 667 54 674 '
123 659 294 740 verendo
319 653 398 729 dno
422 653 517 752 pa'tti
540 676 632 742 nro,
657 650 767 734 fratri,
785 649 967 739 Alberto,
991 649 1199 726 venerabili
1225 651 1312 752 Epo
1339 651 1530 764 quondam
1557 650 1637 725 ita·

81 787 83 796 ⁴
123 768 310 858 tleponen
334 749 455 827 libere
476 745 695 845 resignant,
721 747 836 823 titulo
859 746 964 824 leodi
988 757 1250 854 concessimus,
1283 759 1323 825 et
1342 771 1498 848 insuper
1521 775 1639 849 quun·

103 857 209 948 dam
236 865 422 926 summam
443 845 609 948 pecunie'
634 845 855 921 tradidimus
882 844 1078 938 Godlrido,
1110 856 1173 922 cui
1197 845 1299 923 dicta
1325 848 1459 920 domus
1484 859 1524 923 et
1548 869 1637 924 aree

11 1021 14 1028 .
123 969 310 1030 cesserant
341 961 381 1026 in
410 945 676 1036 hereditariam
708 943 958 1045 porcionem:
997 966 1105 1018 soror
1139 961 1292 1045 quoque
1324 955 1508 1044 ipsorum,
1540 969 1639 1020 uxot·

121 1047 302 1129 videlicet
336 1044 379 1120 G.
405 1045 619 1135 Marscalci,
645 1057 825 1142 quantum
851 1052 892 1116 in
917 1042 1075 1133 caluit,
1100 1042 1292 1117 consensit
1313 1040 1491 1117 omnibus
1513 1065 1639 1140 supra·¹

124 1145 245 1224 dictis.
309 1145 356 1218 ln
388 1139 494 1255 cujus
526 1152 580 1218 rei
607 1139 867 1216 testimonium
899 1153 1094 1239 presentes
1126 1139 1271 1216 litteras
1304 1137 1376 1214 sibi
1408 1140 1672 1232 tradidimus„

122 1245 359 1341 Sigillorum,
383 1267 443 1316 nrt
467 1235 647 1316 videlicet
679 1251 719 1314 et
742 1235 850 1338 Capli
878 1235 1124 1336 Ratisponen.
1191 1235 1405 1332 munimine
1430 1233 1656 1316 mboratas'

124 1341 213 1419 Dat.
233 1341 438 1453 Ratispoue
461 1359 563 1414 anno
591 1337 658 1411 dni
686 1333 790 1414 1263.
831 1335 934 1410 Non.
959 1334 1134 1431 Augusti.

488 1523 507 1572 η
583 1501 662 1566 uuo
684 1469 810 1588 sigttra‘
825 1499 958 1585 integra
979 1500 1177 1583 arpensem.

686 1659 1085 1678 mm

210 1851 217 1860 -
282 1804 398 1878 Num.
425 1750 731 1877 ccccxcvii.
784 1795 889 1887 1263,
913 1795 935 1872 5
962 1798 1131 1896 Augusti.
1178 1797 1239 1876 Ex
1265 1756 1494 1896 originau'
1582 1849 1587 1878 ι
1661 1825 1667 1834 ·

100 1978 188 2044 'Leo
218 1977 303 2056 Eput
333 1973 470 2035 effendat
503 1989 625 2045 areant,
667 1955 797 2052 eamque
838 1991 917 2054 erga¹
943 1991 1098 2036 annuum,
1121 1973 1255 2032 Centum
1292 1972 1435 2034 concedit
1464 1969 1642 2036 conventui

580 2077 717 2138 fratrum
740 2075 990 2138 Praedicatorum
1009 2077 1191 2138 Ratisbon.·

224 2219 449 2308 innomine
470 2217 535 2294 dni
558 2241 680 2293 amen.
743 2217 824 2292 Nos
848 2217 946 2292 Leo
971 2227 1213 2297 miseratione
1238 2217 1364 2294 divina
1388 2217 1655 2318 Ratisponen·.
1717 2243 1726 2250 “

124 2333 172 2404 sis
191 2323 323 2404 Ecclie
345 2321 466 2420 Epus,
501 2330 638 2392 tenore
659 2325 888 2416 presentium
914 2329 1058 2390 cunctis
1083 2333 1218 2392 notum
1248 2341 1328 2393 esse
1344 2317 1534 2418 'cupimus
1559 2337 1642 2392 tarn

193 2419 377 2508 sentibus,
410 2439 522 2518 quam
543 2411 696 2505 futuris,
731 2413 836 2512 quod
861 2437 985 2487 aream
1009 2415 1197 2513 quandam
1220 2425 1260 2488 tn
1283 2425 1390 2516 perte
1412 2413 1640 2492 occidentali

152 2539 259 2614 ornus
278 2517 436 2592 fratrum
465 2511 755 2612 predicatorum,
780 2523 885 2585 sitam
906 2521 946 2586 in
964 2535 1020 2600 ea,
1047 2537 1123 2625 que
1141 2539 1241 2610 noya
1263 2514 1398 2588 domus
1419 2515 1641 2614 appellatur,

89 2629 94 2643 '
125 2633 165 2698 et
186 2615 274 2722 jure
299 2610 539 2720 proprietatis
562 2609 610 2684 ad
634 2633 706 2686 noa
732 2627 771 2686 et
795 2609 963 2684 Eccliam
991 2609 1247 2728 Rattspouen.
1272 2624 1449 2709 =spectare
1474 2611 1639 2686 dinosci-

123 2728 198 2808 tur,
223 2708 501 2792 venerabilibus
525 2707 624 2799 viris,
647 2706 828 2788 videlicet
853 2705 956 2782 sratrl
982 2707 1168 2808 Hepwrco
1196 2709 1326 2799 Priori,
1362 2719 1508 2808 totique
1536 2707 1640 2783 Con·

123 2811 260 2892 ventui
291 2808 447 2882 lmtrum
474 2804 630 2884 Ordinis
661 2805 943 2906 predicatorum
968 2805 1301 2908 Ratisponensium
1326 2805 1572 2882 concedimus
1597 2817 1643 2880 in·
1719 2893 1724 2902 ¹

123 2921 354 3014 perpetuum
379 2902 653 3005 possidendam.
713 2901 811 2978 Cum
839 2914 940 2978 enim
966 2901 1008 2978 in
1031 2929 1162 2979 amore
1194 2903 1390 2991 Virtutum
1423 2897 1555 2977 sancta'
1575 2927 1640 2978 eo·

59 3038 64 3044 ·
124 3037 208 3088 runt
234 3007 449 3087 delectetur
472 2999 676 3095 humilitas,
702 3019 741 3076 et
764 3020 900 3077 cuncta
925 2997 1087 3076 sollicite
1109 2999 1281 3096 refugiat,
1334 3025 1384 3076 ue
1405 2998 1640 3100 pertimescit

123 3108 193 3185 sibi
218 3103 372 3205 aliquod
397 3099 495 3176 lame
519 3100 582 3177 vel
606 3109 838 3176 conscientie
862 3097 1008 3173 illatura
1028 3098 1280 3197 dispendium,
1307 3029 1465 3195 dignum
1489 3121 1641 3200 reputa·

123 3233 228 3300 mus,
257 3223 301 3278 ut
326 3226 459 3277 eorum
484 3197 737 3274 necessarium
761 3192 893 3272 Ecclie
917 3195 998 3288 dei,
1022 3193 1133 3272 nobis
1191 3221 1212 3271 e
1236 3197 1485 3273 ministerium
1510 3195 1640 3274 conse·

122 3305 257 3394 tendo,
281 3323 357 3400 que
381 3294 716 3374 commoditatibus
742 3317 877 3370 eorum
902 3295 1109 3395 expediunt
1168 3317 1338 3370 onorem.
1394 3295 1640 3374 Declaramos
1693 3347 1697 3354 -
1833 3317 1843 3334 ·

121 3412 254 3500 igitur,
269 3421 271 3424 ·
286 3395 391 3498 quod
418 3395 493 3472 heo
517 3403 593 3492 ipsa
617 3418 704 3470 area
731 3387 855 3466 fidelis
881 3404 940 3466 nri
967 3389 1195 3490 Wolllrangi
1224 3385 1314 3467 dicti
1348 3392 1399 3468 de
1423 3384 1637 3491 Schirliug'e

120 3499 280 3576 feodum
303 3512 359 3570 est
381 3491 431 3569 de
452 3516 567 3566 manu
590 3517 656 3566 nra
682 3489 808 3589 quoad
833 3498 979 3580 vixerit,
1000 3501 1087 3588 post
1111 3511 1274 3566 mortem
1300 3502 1430 3565 autem
1456 3485 1536 3590 ejus
1561 3514 1640 3566 ces-
1713 3495 1721 3508 '

124 3623 209 3672 sura
241 3585 397 3704 estjam
422 3587 532 3664 dictis
557 3588 731 3664 fratribus
762 3612 848 3690 cum
881 3587 989 3691 totali
1009 3583 1098 3690 jure
1133 3588 1268 3664 domus
1299 3604 1338 3663 et
1369 3607 1541 3663 arearum
1565 3585 1640 3662 sibi

124 3689 423 3796 subjacentium,
441 3757 444 3766 ,
461 3700 577 3788 prout
609 3685 690 3787 ipse
720 3683 979 3780 Woliltangus
1017 3707 1101 3798 pro·
1155 3705 1382 3762 eceatorum·
1406 3709 1559 3761 suorum
1580 3703 1642 3762 ,et

28 3875 33 3885 ¹
124 3789 414 3893 progenitorum
438 3784 610 3864 remedio
634 3797 677 3861 in
701 3808 778 3875 eos,
803 3782 991 3883 quidquid
1014 3715 1270 3887 purisiiabuit,
1296 3783 1484 3858 transtulit
1510 3809 1640 3880 coram

124 3890 245 3968 nobis.
296 3887 343 3962 ln
366 3884 514 3982 signum
539 3895 665 3981 ltaque
691 3881 848 3956 dominii
873 3894 933 3956 nri
967 3901 1005 3956 et
1029 3883 1160 3958 'Ecclie
1186 3879 1431 3980 Ratisponem
1463 3907 1508 3956 ac
1528 3880 1641 3957 ⁴Con·
1676 3878 1682 3887 ’

125 3983 302 4066 cessionis
326 3978 401 4084 jam
434 3981 538 4058 dicte
564 3981 781 4080 quindecim
807 3979 983 4056 denarios
1009 3979 1202 4079 Ratispon.
1236 3979 1395 4055 monete
1420 4003 1442 4053 a
1464 4001 1558 4078 sepe
1582 3975 1639 4053 su·
1716 4043 1720 4054 .

123 4083 172 4162 tis
201 4079 372 4158 fratribus
403 4080 604 4158 solvendos
634 4075 746 4151 nobis
774 4101 821 4151 ac
852 4077 931 4154 nris
960 4075 1247 4153 successoribus
1278 4087 1386 4171 annis
1417 4076 1572 4172 singulis
1596 4087 1641 4156 in

124 4181 224 4265 serto
248 4183 420 4284 apiarum
451 4178 552 4256 Petri
584 4187 624 4253 et
649 4173 754 4252 Pauli
781 4199 914 4254 census
938 4185 1095 4253 nomine
1129 4197 1373 4256 reservamus.
1434 4167 1556 4274 liujus
1581 4183 1639 4251 rei
1799 4279 1804 4291 Ι
