3676 4848
665 293 669 304 ι
755 329 829 372 Φ
861 319 951 413 ⁴²⁸9
1000 325 1071 372 “r
1211 397 1237 422 κ
1454 411 1459 418 .

500 481 618 585 Num.
646 473 841 564 cccvii.
894 467 1022 560 1205.''
1045 485 1105 562 Ex
1131 485 1340 583 originali:
1368 487 1376 500 ‘

160 651 350 734 Compositio
379 657 459 718 iacta
487 654 571 754 inter
591 654 769 716 &aradum
789 647 890 732 rium
917 615 1078 718 Ratisbon·
1106 666 1138 718 et
1158 659 1350 734 Ludoiicum
1368 659 1489 762 pacem
1510 649 1672 732 Bactriae*

258 800 307 876 ln
338 799 496 876 nomine
525 822 588 874 sce
618 812 657 875 et
685 797 881 890 individue
902 798 1098 878 Trinitatis
1124 826 1248 878 amen.
1298 801 1579 882 Chunradus
1601 807 1666 886 dei
1771 807 1776 813 ’

159 921 226 998 gra
253 895 536 998 Ratispon‘ensis
558 898 674 995 Epus,
699 895 900 996 imperialis
925 902 1013 975 aule
1035 899 1297 976 Cancellarius.
1349 901 1491 978 Notum
1515 905 1563 980 sit
1587 921 1664 980 tam
1795 913 1799 930 '

157 995 307 1086 tuturis,
339 1021 452 1095 quam
478 994 726 1093 presentibus,
759 992 973 1094 quodcum
997 995 1098 1072 inter
1115 991 1427 1096 llatisponerisem
1444 1000 1664 1094 Ecclesiam,

160 1105 200 1170 et
239 1095 391 1168 Ducem
421 1091 581 1165 Bavarie
611 1119 632 1165 a
667 1095 784 1187 longo
810 1101 1000 1167 retroacto
1028 1109 1205 1192 tempore
1230 1121 1362 1190 graves
1393 1097 1590 1174 inimicitie
1625 1115 1664 1175 et

143 1191 351 1266 bellorum
372 1187 588 1287 asperitates
613 1189 834 1288 frequenter
852 1211 1047 1286 emergere
1071 1194 1366 1283 consuevissent,
1392 1195 1568 1268 dominus
1585 1196 1664 1270 Lu·

158 1287 334 1362 alawicus
357 1285 509 1361 inclitus
538 1285 616 1358 dux
632 1281 789 1363 Bavarie
807 1284 907 1358 hanc
922 1285 1182 1360 detestabilem
1206 1287 1444 1382 insolentiam
1467 1316 1536 1391 pro
1560 1294 1666 1371 bono

158 1397 260 1460 terre
289 1396 328 1460 et
353 1377 496 1461 iutuitu
521 1379 833 1458 eterni-muneris
858 1381 1093 1479 temporibus
1123 1381 1182 1456 nri
1212 1383 1458 1483 Episcopatus
1494 1389 1666 1484 mitigare

158 1483 301 1571 volens,
335 1491 375 1556 et
398 1493 476 1555 tant
502 1479 714 1570 nobiscum,
754 1501 866 1575 quant
892 1479 1082 1552 cummis
1103 1479 1389 1554 successoribus·
1418 1509 1553 1583 paceni
1575 1512 1666 1560 con·⁴
1737 1521 1740 1526 ·
1776 1549 1779 1556 .

158 1601 321 1669 servare3
346 1601 435 1652 cum
452 1577 679 1676 sapientibus
693 1576 904 1658 Beronibus
924 1588 1039 1666 terre,
1062 1576 1206 1651 vasallis
1224 1573 1300 1648 suis
1319 1603 1433 1675 super
1449 1581 1665 1656 Concordia
1704 1577 1712 1654 f
1758 1573 1764 1580 ’

155 1673 282 1750 stabili
309 1674 506 1750 nobiscum
540 1671 712 1748 facienda
745 1697 815 1745 nos
846 1672 1038 1767 convenit,
1085 1673 1146 1746 cui
1177 1673 1424 1787 perlaudabili
1455 1677 1664 1776 proposito,

18 1790 50 1876 ζ,
157 1773 264 1872 quod
285 1772 435 1863 babuit,
465 1770 676 1866 benignum
712 1790 902 1844 assensum
933 1771 1138 1869 prebentes
1174 1770 1226 1844 sic
1253 1769 1503 1852 amicabiliter
1535 1798 1665 1848 sumus

149 1869 389 1960 concordati,
422 1870 527 1968 quod
549 1892 620 1942 nos
645 1866 811 1944 btticem
834 1866 993 1962 diligere
1022 1885 1061 1943 et
1087 1865 1270 1944 auxilium
1300 1881 1464 1978 prestare
1495 1869 1664 1982 promisi·

151 1973 241 2042 brus
265 1977 397 2040 contra
423 1963 622 2065 quoslibet,
648 1962 816 2062 exceptis
837 1961 1120 2059 domino-Rege
1141 1962 1328 2066 Philippo,
1355 1977 1393 2040 et
1424 1990 1504 2068 eJus
1528 1995 1569 2042 tn
1593 1973 1666 2042 ltn-

151 2062 264 2162 perio
285 2061 580 2152 successoribus,
606 2073 646 2139 et
667 2059 877 2160 leuioribus
899 2061 1070 2136 Ecclesia
1093 2060 1285 2162 Ratispon.
1342 2064 1428 2164 lpse
1452 2087 1543 2154 vero
1571 2065 1664 2150 Dux

179 2159 263 2234 ium
293 2159 527 2263 propositum
558 2159 736 2236 decorare
773 2161 906 2234 volens
938 2157 1051 2234 beato
1086 2157 1308 2249 memoriali,
1348 2186 1418 2258 pro
1450 2160 1666 2238 reverentia
1774 2217 1781 2232 ,

151 2184 227 2331 ihu
256 2255 336 2356 Xpi
373 2271 413 2334 et
439 2257 488 2330 B:
512 2259 626 2346 Petri,
662 2268 701 2331 et
727 2267 852 2329 anime
879 2281 958 2346 sue,
989 2281 1036 2330 ac
1062 2273 1262 2356 parentum
1285 2275 1438 2330 suorum
1471 2261 1590 2334 salure
1620 2258 1663 2338 itt

149 2357 271 2428 altera
293 2367 400 2454 parte
428 2351 586 2430 danubii
615 2355 688 2428 hec
713 2352 857 2453 predia,
894 2351 1036 2428 scilicet
1060 2351 1238 2440 ‚cocum
1259 2353 1490 2450 Kelbeim,
1520 2369 1559 2430 et
1584 2355 1663 2429 Lu·

141 2451 331 2527 tlmldum
351 2475 437 2526 cum
460 2449 585 2551 pueris
607 2461 647 2528 'et
666 2447 807 2523 familiai
830 2467 868 2524 et
888 2449 992 2524 omni
1013 2459 1230 2549 posteritate
1249 2475 1327 2541 sua,
1345 2445 1529 2535 Castrum
1548 2451 1661 2528 Len·

185 2549 381 2640 enveld,
420 2545 592 2623 Castrum
630 2543 836 2637 Stausle,
879 2543 1054 2622 Castrum
1090 2547 1440 2642 Steveningen,
1485 2549 1660 2622 Castrum

148 2571 552 2742 lvoliheringen,
602 2643 775 2720 Castrum
803 2645 1142 2742 Bartespercb,
1185 2643 1355 2718 Castrum
1392 2645 1660 2744 Durcheln-
1696 2696 1699 2702 ι

146 2735 293 2837 burg:
319 2766 366 2818 ex
391 2743 461 2817 ista
479 2767 572 2818 vero
594 2754 700 2841 parte
721 2739 878 2813 danubii·
903 2738 1075 2816 Casuum
1100 2741 1442 2819 Landeshuete
1468 2769 1556 2817 curn
1582 2767 1663 2820 orr-

15 2891 46 2938 i·
144 2837 266 2916 nibus
291 2839 595 2916 ministerialibus
620 2852 659 2913 et
683 2836 891 2912 redditibus
914 2836 966 2913 eis
983 2837 1235 2914 attinentibus
1260 2852 1300 2915 et
1323 2851 1404 2912 tota
1426 2838 1583 2933 familia,
1624 2851 1662 2921 si

15 2955 17 3000 i
146 2937 254 3012 sine
280 2941 413 3036 prole
437 2941 648 3033 legitima
673 2936 950 3027 decesserit,
983 2933 1247 3038 Ratisponensi
1273 2937 1445 3013 Ecclesia
1471 2955 1659 3038 perpetuo

146 3031 379 3132 possidenda
398 3033 563 3110 donavit.
610 3030 829 3110 Deuotione
853 3055 944 3128 ergo
967 3044 1071 3109 tanta
1091 3037 1325 3111 considerata
1345 3047 1384 3108 et
1403 3035 1572 3128 benigno
1593 3057 1661 3108 vo·
1684 3118 1688 3129 ‚

145 3145 203 3223 to,
230 3157 308 3231 quo
331 3133 420 3207 Dux
444 3133 654 3207 Ecclesiam
677 3129 743 3230 pie
770 3151 1005 3230 respexerat,
1031 3157 1100 3228 pro
1123 3136 1314 3232 aliquanta
1338 3131 1566 3230 repensione
1591 3153 1658 3208 sue

15 3267 17 3280 ι
142 3221 256 3302 bone
335 3239 521 3321 erationis,
546 3240 625 3327 ipse
650 3241 689 3302 in
712 3239 922 3303 continenti
951 3226 1141 3303 beneficio
1167 3227 1391 3322 Landgravli
1416 3228 1538 3326 (quod
1564 3247 1659 3314 tunc

141 3349 287 3400 vacans
314 3325 382 3418 uit,
406 3324 545 3401 situm
572 3325 620 3399 in
645 3323 911 3420 montania)
929 3337 984 3400 est
999 3321 1298 3414 inbeneficiatus,
1323 3323 1376 3398 ita
1390 3337 1534 3416 tamen,
1554 3324 1660 3423 quod

141 3431 181 3496 ei
206 3441 290 3498 non
320 3425 448 3518 liceat,
492 3423 657 3498 redditus
689 3415 859 3524 ejusdem
887 3419 1069 3499 beneficii
1102 3420 1214 3498 alicui
1245 3425 1411 3520 unquam
1438 3431 1480 3496 in
1513 3417 1659 3498 beneli·
1731 3483 1734 3492 .

15 3557 28 3616 3·
140 3515 209 3592 cio
235 3519 421 3597 conterre.

249 3619 427 3696 Preterea
450 3618 480 3695 si
507 3613 597 3692 Duri
625 3617 813 3694 decedens
837 3615 919 3695 sine
945 3621 1054 3718 prole
1071 3613 1257 3711 legitima,
1289 3627 1386 3692 sicut
1410 3619 1563 3692 donavit
1584 3617 1658 3693 Ec·
1708 3685 1712 3694 ,

140 3713 262 3792 clesie
320 3717 462 3794 redicta
483 3716 630 3819 predia,
663 3727 713 3789 tta
736 3728 847 3790 etiam
875 3717 1116 3816 Episcopatui
1145 3715 1323 3790 ducatum
1350 3713 1539 3805 condixit,
1574 3711 1657 3810 ipse

138 3739 488 3900 inbenebciabitur
512 3825 685 3913 proximo
706 3809 909 3908 beneficio,
936 3813 1040 3912 quod
1060 3825 1249 3888 vocaverit
1268 3813 1435 3892 Ecclesie
1457 3809 1655 3908 abaliquo
1717 3899 1725 3910 .
1821 3885 1823 3904 ,

135 3909 385 4011 Principum,
412 3923 579 4010 exceptis
598 3910 735 3998 tribus,
761 3913 903 3984 scilicet
928 3905 1122 3984 beneficio
1144 3909 1291 3984 domini
1319 3910 1449 4004 Regis,
1475 3920 1513 3982 et
1535 3908 1656 3983 berre·

136 4001 237 4082 ficio
263 4009 460 4084 advocatie
486 4004 637 4109 majoris
665 4006 854 4095 Ecclesie,
886 4019 938 4080 'et
970 4003 1160 4080 beneficio
1192 4006 1353 4081 Comitis
1386 4009 1434 4081 de
1469 4005 1654 4082 Hubert·

135 4099 282 4200 burg,
317 4118 357 4180 et
381 4107 417 4202 φ’
439 4115 593 4202 insuper
615 4102 905 4199 assignabuntur
930 4102 1103 4176 redditus
1122 4103 1237 4196 tanti,
1271 4103 1401 4202 quanti
1424 4100 1657 4202 sibipersol·
1772 4147 1778 4154 ·

133 4215 290 4278 cruitur
315 4203 364 4280 de
386 4200 579 4281 'beneficio
601 4199 845 4303 landgravii,
883 4198 1157 4378 eatzCuriesuc
1183 4215 1289 4280 tanta
1317 4200 1470 4284 dabitur
1491 4200 1657 4302 pecunie
