3710 4838
354 203 1293 352 ,,’“-ν“ωᾳο’·”,
1512 361 1532 398 ο

416 403 577 514 num.
601 435 761 514 nuxis
814 432 920 518 1226.
945 431 1125 558 sorpta
1172 433 1236 512 nx
1259 433 1459 536 osgssos
1606 441 1614 464 ¹
1750 499 1757 515 .

245 615 309 674 Leo
329 611 412 695 rpus
435 612 599 674 confirmet
618 609 809 674 Monssterio
829 609 975 674 inferiori
996 609 1198 673 donationem
1218 610 1380 674 novalium
1396 613 1437 674 sb
1456 612 1525 692 Epo
1546 605 1689 680 Cosredo
1730 611 1734 688 ',
1770 643 1775 661 ·

238 727 247 748 ³
903 716 1026 778 lecum.

306 886 390 964 Nos
415 886 514 966 Leo
545 883 788 966 miseratione
817 883 942 965 divina
966 885 1160 990 Rstispon·
1190 883 1298 988 Epus
1321 886 1504 966 universis
1529 877 1733 1005 presencia
1813 899 1816 911 '

145 1039 152 1052 ·
204 985 431 1090 inspecturis
457 989 634 1064 volumus
672 1009 753 1064 esse
785 1001 931 1077 notum,
968 985 1073 1086 quod
1106 1012 1196 1063 eum
1229 983 1349 1062 seinis
1378 1008 1563 1066 memorre
1602 999 1733 1067 noster
1783 1065 1785 1073 A
1834 1012 1838 1025 ·

204 1087 453 1188 predecessor
474 1084 571 1160 dnus
597 1082 825 1178 ,chunradus
853 1085 885 1158 E
913 1108 957 1158 us
981 1095 1023 1160 in
1047 1082 1452 1184 recompensacionem
1480 1085 1735 1187 dampnorum
1770 1159 1773 1166 .

206 1186 403 1260 illatorum
426 1194 506 1259 tem
536 1206 605 1259 ore
631 1206 769 1282 guerre
793 1207 844 1260 ,ac
905 1179 913 1197 '
955 1179 1075 1276 ordie,
1114 1206 1213 1294 quas.
1234 1177 1339 1257 idem
1368 1179 1596 1278 Chunradus
1688 1203 1762 1283 us,

206 1279 345 1358 habuit
376 1305 468 1355 cum
500 1209 636 1356 illustri
672 1281 770 1358 duce
793 1277 989 1372 bawarie,
1023 1275 1158 1356 Ecclie
1186 1275 1374 1354 inferioris
1408 1278 1638 1359 Monesierii
1661 1211 1738 1357 iia.

207 1377 347 1478 tispon.
371 1377 539 1455 decimas
569 1381 765 1455 novalium
795 1379 844 1455 de
869 1375 1173 1478 possessionibus
1199 1401 1282 1452 non
1309 1375 1584 1478 transfeodatls,
1618 1391 1658 1458 et
1685 1379 1736 1461 de

207 1475 285 1554 illis
306 1475 602 1576 possessionibus
622 1485 784 1569 tantum,
811 1499 903 1576 quas
927 1476 1035 1550 nullo
1058 1471 1252 1576 possident
1271 1469 1477 1566 mediante,
1501 1475 1669 1552 runcatio
1694 1493 1736 1554 ct
1780 1508 1798 1522 ·’

206 1575 409 1652 runcandts
434 1573 694 1676 inposterum
720 1567 1314 1745 contulisset„prout-inprivile
1343 1568 1366 1586 '⁶
1404 1595 1520 1679 super
1542 1574 1618 1652 hoc
1646 1588 1737 1654 coni
1792 1590 1798 1642 ἵ
1850 1593 1851 1596 ’

206 1673 317 1749 fectis
343 1672 492 1772 plenius
522 1670 758 1761 continetur,
789 1685 828 1748 et
857 1671 1013 1772 insuper
1043 1693 1183 1748 venera
1210 1665 1270 1746 ilis
1299 1695 1320 1742 a
1349 1665 1397 1742 ba
1420 1668 1495 1746 dna
1526 1667 1737 1755 Gerdrudis

209 1788 249 1848 ct
279 1767 505 1846 Conventus
534 1765 948 1870 ejusdemMonasterii
973 1767 1085 1844 nobis
1114 1765 1344 1844 exhiberent
1397 1766 1564 1864 rivile'gia
1585 1763 1736 1845 confir·
1851 1767 1852 1774 '

147 1925 153 1932 -
210 1867 392 1944 macionis
408 1894 438 1942 ·a
457 1867 558 1945 Sede
585 1867 709 1966 Aplca
732 1867 804 1941 sibi
830 1867 916 1954 data
940 1868 989 1943 de
1010 1873 1261 1965 perceptione
1281 1789 1395 1940 hmol
1415 1868 1610 1942 novalium
1632 1863 1735 1946 deci·

208 1969 375 2042 suerum:
401 1964 481 2041 Nos
504 1963 842 2064 hoc'attendentes
868 1964 921 2040 de
932 1960 1134 2042 Consensu
1160 1957 1328 2064 Capituli
1347 1961 1542 2064 Ratispon.
1570 1975 1610 2046 et
1630 1959 1742 2056 Con·-

208 2061 435 2140 siliariorum
458 2087 617 2141 urorum
636 2060 810 2138 unanimi
831 2059 1043 2140 voluntate
1069 2057 1227 2157 gratiam
1250 2059 1349 2136 hauc
1372 2085 1395 2133 a
1416 2059 1495 2136 dno
1523 2056 1733 2142 Chunrado

236 2159 386 2236 redicto
417 2161 554 2236 saetam
582 2158 652 2260 ipsi
676 2157 849 2238 Ecclesie
874 2157 954 2235 sive
975 2157 1225 2250 Monasterio,
1257 2167 1297 2234 et
1323 2155 1468 2237 assde
1495 2159 1617 2260 Aplea
1645 2185 1740 2242 con·

208 2183 398 2336 irritatam
421 2244 693 2348 innovavimus,
717 2269 837 2334 ratam
860 2281 944 2333 eam
968 2254 1153 2342 habentes
1179 2266 1220 2332 et
1241 2253 1470 2336 auctoritate
1493 2262 1737 2356 presencium
1828 2261 1836 2276 ‘

35 2384 63 2428 .·
171 2427 173 2432 ,
212 2354 419 2449 defectum,
443 2354 474 2432 si
497 2356 581 2458 quis
606 2353 648 2430 in
673 2353 781 2457 hmoi
802 2353 1009 2456 privilegiis
1037 2367 1106 2450 est,
1130 2355 1365 2455 supplentes,
1387 2361 1443 2430 ita
1460 2372 1602 2450 tamen,
1656 2353 1735 2432 uod

63 2529 69 2536 ,
208 2453 240 2529 si
268 2451 363 2528 abba
384 2451 565 2554 predicta,
588 2456 653 2530 vel
676 2477 906 2554 quecunque
934 2475 1008 2554 pro
1028 2465 1204 2554 tempore
1232 2447 1358 2544 fuerit,
1391 2452 1439 2528 de
1459 2471 1612 2530 assensu
1667 2448 1736 2531 ‘cti

212 2549 437 2628 Conventus
463 2575 693 2665 quemquam
721 2552 771 2627 de
800 2551 888 2650 ipsis
915 2548 1072 2627 decimis
1098 2549 1361 2644 infestaverit,
1397 2547 1631 2648 obligaverit,
1665 2561 1734 2629 aui
1829 2606 1833 2614 -

23 2717 32 2744 ,
143 2711 145 2716 ,
208 2645 327 2724 modo
346 2649 420 2724 elio
439 2644 661 2724 alienaverit
685 2657 805 2721 totam
828 2647 891 2724 vel
913 2665 1070 2747 partem,
1094 2647 1170 2722 hoc
1191 2646 1291 2724 vires
1308 2671 1392 2724 non
1414 2647 1562 2742 habeat,
1593 2647 1663 2726 etl

193 2743 309 2822 -ahba
333 2765 371 2822 et
395 2743 617 2830 Conventus
651 2753 732 2844 ipso
759 2743 857 2821 lacto
882 2744 1020 2820 cadant
1044 2738 1182 2846 ajuro,
1206 2753 1236 2818 si
1263 2745 1369 2846 quod
1388 2743 1554 2824 habeant
1578 2749 1642 2825 vel
1664 2673 1734 2844 iia

212 2841 303 2933 bere
329 2841 369 2918 in
393 2843 534 2920 eisdem
565 2839 721 2919 decimis
747 2865 787 2918 se
814 2841 1035 2942 sperabant3
1064 2844 1240 2920 volumus
1267 2853 1381 2935 enim,
1407 2859 1451 2919 ut
1469 2841 1617 2920 fructus
1633 2844 1732 2945 ipsa-

136 2949 148 3044 [
210 2965 302 3018 rum.
325 2940 560 3018 decimarum
576 2949 627 3016 in
650 2944 959 3114 supplementum
988 2939 1186 3042 prebende
1210 2967 1254 3019 ao
1274 2937 1483 3018 subsidium
1510 2929 1733 3019 Conventui

210 3037 403 3140 prenotati
427 3039 647 3116 Monosterii
672 3037 720 3114 de
751 3053 838 3116 eant
859 3039 1335 3131 solummodoeremanere,
1361 3063 1443 3112 non
1469 3039 1635 3140 expendi
1660 3063 1732 3138 per

166 3122 169 3152 '
210 3133 359 3224 abbam,
386 3159 462 3234 que
482 3161 553 3236 pro
579 3155 752 3237 tempore
780 3133 908 3230 buerit,
940 3147 981 3212 in
1002 3159 1090 3212 usus
1115 3135 1209 3211 alios
1232 3135 1294 3214 vel
1320 3134 1504 3210 converti.
1554 3131 1733 3239 lncujus

149 3243 152 3251 '
209 3233 267 3310 rei
288 3231 551 3318 testimonium
603 3249 771 3311 resentes
795 3236 938 3310 litteras
967 3232 1195 3332 Sigillorum,
1220 3230 1476 3309 nrividelicet
1502 3249 1541 3309 et
1563 3232 1731 3335 Capituli
1763 3321 1766 3327 ¹
1804 3257 1814 3276 ¹·
1850 3327 1851 3330 Ἴ

209 3330 282 3422 nri,
313 3355 387 3407 nec
417 3355 498 3405 non
531 3261 630 3406 oble
667 3345 705 3407 et
730 3330 954 3408 Conventus
982 3329 1242 3432 predictorum
1270 3326 1481 3416 munimine
1506 3331 1646 3435 placuit
1669 3356 1732 3412 ro·

208 3426 348 3506 borani.
399 3425 542 3505 Datum
568 3429 774 3530 Ratispone
798 3453 902 3504 anno
928 3429 993 3504 dni
1021 3425 1125 3507 1216.
1149 3429 1242 3505 idus
1265 3425 1419 3530 Aprilis,
1475 3449 1478 3460 '

721 3623 878 3709 quatuor
898 3621 1019 3712 eigilis
1041 3617 1241 3710 adpendenl,
1282 3705 1287 3712 ¹
