3648 4850
719 292 1145 374 metm—

116 475 256 572 glmim
279 475 321 544 et
343 461 652 568 ed'imperiale'm
679 477 945 558 anctoritttetu
959 489 1036 572 per
1066 475 1284 548 sandomm
1303 461 1490 576 dulit-agir
1518 481 1633 580 pesse

16 583 17 588 ’
109 581 150 648 iu
175 569 347 680 futurum
372 563 561 666 proficere
587 577 626 644 et
655 561 786 644 beatae
812 567 956 668 gratiae
982 577 1332 650 remunerationem
1359 573 1521 664 aeternis
1549 575 1628 656 dia-
1696 594 1703 606 “

109 666 180 745 bus
206 691 365 757 mereri,
402 662 433 740 si
461 665 546 740 loca
576 661 676 761 Deo,
698 665 820 740 dicata
848 665 977 742 divino
1008 681 1137 743 amore
1167 679 1338 746 succensi
1368 698 1630 772 procuramuss
1702 679 1706 686 '

111 769 288 872 Ideoque
308 774 398 846 sciet
422 762 594 838 omnium
617 759 790 871 fidelium
809 777 1038 859 nostrorum,
1056 765 1319 866 'praesentium
1342 769 1486 853 seidoet
1508 787 1548 852 et
1570 772 1626 850 su·

16 921 18 934 ,
109 869 286 940 tororum
314 861 523 951 industria,
585 862 721 935 ualrter
749 888 820 938 nos
848 887 919 962 per
951 863 1211 942 interventum
1242 865 1404 952 dilectae
1431 870 1625 966 genitricis
1682 937 1687 951 ,

110 983 264 1039 nostrae
286 960 442 1036 Ouiae
470 985 521 1058 qu
672 983 733 1034 res
751 972 809 1035 sut
834 960 985 1062 proprii
1003 960 1113 1056 iuris,
1139 989 1231 1064 quas
1256 966 1468 1064 elargitate
1491 962 1627 1060 beetee

115 1059 320 1141 memoriae
347 1056 467 1160 patris.
487 1065 573 1133 mei·
587 1055 772 1132 Arnolfi
803 1059 1046 1158 Imperatoris
1065 1063 1348 1162 perimperiale
1376 1066 1625 1165 praeceptum

115 1169 338 1258 susceperat,
363 1159 411 1230 ad
430 1153 640 1231 Ecclesiam
657 1153 761 1232 beati
782 1155 1016 1234 Emmerami
1038 1159 1209 1262 martyris
1233 1159 1376 1238 Christi
1399 1175 1528 1238 nostra
1553 1175 1626 1242 im·

113 1257 241 1356 periali
262 1251 489 1332 auctoritate
512 1253 744 1348 donavimus,
771 1256 992 1356 etquidem
1008 1257 1168 1350 ratione,
1193 1271 1238 1332 ut
1258 1261 1410 1336 easdem
1432 1284 1492 1336 res
1512 1281 1628 1362 quae-

111 1357 191 1430 drun
218 1357 336 1430 vidua
363 1350 532 1426 nomine.
548 1345 699 1426 Rihni·
721 1353 855 1432 diebus
878 1353 985 1430 vitae.
1004 1380 1095 1432 sune
1121 1354 1330 1454 possideas,
1364 1372 1517 1458 etpost
1544 1359 1627 1438 dies

112 1465 188 1532 eius
213 1452 269 1526 -in
297 1461 355 1524 ius
388 1461 427 1524 et
456 1448 759 1526 dominationem
786 1448 961 1528 eiusdeni
980 1451 1176 1528 Ecclesiae
1204 1455 1385 1545 redeant,
1431 1455 1628 1555 perpetuis
1775 1453 1778 1460 '

39 1587 42 1593 ·
112 1545 356 1650 temporibus
376 1549 584 1639 tenendae,
609 1549 651 1648 id
677 1562 735 1624 est
758 1562 924 1641 curtem,
955 1575 1055 1650 quae
1082 1549 1223 1626 dicitur
1243 1548 1414 1641 Velda,
1440 1549 1626 1654 quicquid
1678 1581 1682 1589 ·

16 1647 18 1728 ζ
111 1658 143 1725 ln
168 1660 364 1749 potestate
398 1654 708 1746 praenominatae
735 1659 927 1746 genitricis
948 1657 1101 1726 nostrae
1129 1651 1266 1725 eodem
1292 1648 1371 1724 die-
1386 1662 1499 1742 erut,¹
1517 1651 1625 1751 quod
1684 1649 1720 1738 ζ·

16 1745 18 1806 ἶ
112 1765 222 1822 antea
244 1756 457 1846 praeceptis
476 1745 605 1818 datum
625 1771 706 1820 non
730 1749 874 1840 luerat,
900 1758 1006 1823 extro
1025 1749 1090 1826 vel
1111 1745 1207 1822 inira
1227 1745 1433 1823 terminum
1456 1749 1626 1826 eiusdem
1710 1817 1713 1822 .

16 1857 17 1918 ζ
111 1843 236 1920 Curris
260 1857 384 1936 totum
411 1867 498 1917 cum
521 1840 627 1917 omni
648 1843 868 1941 integritate
892 1869 969 1943 per.
979 1845 1178 1920 consilium
1198 1855 1240 1920 et
1259 1869 1486 1923 eonsensum
1509 1869 1625 1928 vene·

16 1947 17 2020 j
109 1939 284 2018 rabiliurn
301 1943 473 2040 Eporum
489 1939 724 2034 Theotman',
742 1938 946 2032 Weldonis,
971 1941 1226 2018 Erohaubaldi
1242 1956 1282 2017 et
1302 1941 1516 2036 Zachariae,
1537 1943 1625 2020 Tu·

16 2047 18 2090 f
110 2039 238 2118 tonis
265 2049 379 2116 etiem
402 2049 442 2116 et
470 2033 698 2125 Burchardi,
725 2063 798 2116 nec
824 2066 906 2115 non
925 2059 965 2116 et
988 2037 1160 2118 fidelium
1188 2037 1381 2116 Comitum
1406 2055 1625 2120 nostrorum

108 2135 377 2239 liutpoldi,
415 2135 626 2236 Conpoldt,
659 2129 776 2235 ln'rigi
804 2151 844 2214 et
872 2151 1112 2228 caeterorum
1137 2135 1329 2226 omnium,
1368 2147 1489 2213 sicot„
1516 2151 1625 2222 riseie
1761 2185 1764 2190 ,

110 2234 346 2336 temporibus
370 2235 411 2309 in
432 2233 586 2330 lingulis
601 2232 818 2321 ministeriis
837 2236 989 2312 Petrum
1009 2249 1228 2311 nostrornm
1248 2234 1464 2314 ordinatum
1480 2165 1624 2332 isarae
1703 2313 1705 2316 ,
1794 2243 1796 2250 ”

108 2333 200 2414 nihil
229 2347 336 2410 extra
365 2331 620 2424 dimittentes,
661 2331 703 2408 in
730 2349 955 2449 perpetuam
983 2331 1257 2447 pessessionem
1280 2333 1624 2418 ¹tradidirmratcttnt
1730 2346 1736 2364 ‘

59 2435 64 2446 '
107 2431 292 2530 regimine
314 2442 355 2506 et
373 2429 542 2508 eiusdem
566 2429 706 2522 banno,
731 2431 1146 2532 nnnerprisutnusque
1165 2455 1287 2523 sextis,
1311 2427 1503 2522 aedificiis,
1529 2459 1624 2530 pon.
1682 2485 1685 2493 .
1788 2479 1796 2487 .

16 2561 18 2580 ³
107 2531 210 2606 tibus
235 2543 277 2606 et
300 2554 437 2620 censu,
469 2527 570 2626 silvis
594 2529 778 2630 omnique
804 2557 875 2604 usu
903 2528 1073 2606 eiusdem
1094 2528 1227 2622 silvae,
1256 2527 1381 2628 aquis,
1406 2527 1624 2627 piscationis
1758 2575 1768 2582 —

104 2624 198 2720 bus,
220 2626 292 2704 viis
318 2646 359 2702 et
380 2621 507 2716 inviis,
533 2625 699 2703 exitibus
720 2647 760 2703 et
786 2627 989 2719 reditibus,
1014 2627 1123 2704 terris
1146 2625 1258 2704 cultis
1278 2648 1317 2702 et
1340 2629 1507 2725 incultis,
1541 2653 1624 2702 mo-
1679 2651 1683 2658 ²

103 2722 244 2802 bilibus
272 2721 606 2827 erinmobitibus,
632 2723 737 2896 aguis
762 2748 997 2825 aquarumve
1025 2723 1264 2818 decursibus,
1295 2722 1471 2824 quaesiit
1502 2737 1542 2801 et
1565 2736 1623 2804 in·

100 2821 316 2925 quirendis,
346 2837 389 2901 ,et
418 2821 590 2898 iussimos
616 2820 656 2897 in
685 2847 707 2898 e
738 2823 813 2898 hoe
836 2846 1012 2922 praesens
1036 2835 1281 2924 praeceptum
1307 2821 1522 2916 conscribi,
1553 2844 1623 2922 per

154 2925 214 2999 od
240 2917 481 2997 decernimus
505 2918 743 3021 finniterque
768 2920 963 3012 iubemus,
1002 2935 1051 3011 ut
1068 2915 1296 3024 praescripta·
1314 2917 1491 2996 Ecclesia.
1514 2917 1621 2997 beati

134 3017 366 3111 mmerami,
400 3015 477 3095 cni
512 3017 635 3110 Tuto
668 3018 966 3097 venerabilis
993 3017 1123 3120 ‘Epus
1162 3021 1378 3118 praeesse
1415 3015 1657 3116 dinoscis.

100 3127 198 3212 tur,
235 3115 483 3198 brutissimum
511 3114 658 3192 cunetis
695 3117 829 3219 diebus
861 3118 998 3192 hebent
1033 3133 1284 3216 potestatem
1326 3127 1422 3192 sicut
1455 3127 1620 3191 caetera·
1677 3147 1694 3163 s
1802 3115 1807 3124 “

98 3239 187 3292 rum
217 3215 420 3291 Ecclesiae.
435 3227 574 3292 rerum·
645 3215 694 3290 Et
715 3229 761 3290 ut
786 3215 881 3292 haec
906 3213 1114 3312 largitionis
1142 3229 1291 3289 nostme
1319 3211 1526 3288 auctoritas
1549 3224 1620 3287 sta-
1702 3217 1707 3228 “
1747 3247 1749 3255 2
1792 3238 1795 3250 ·

99 3311 187 3390 bilis
221 3325 459 3413 permanent,
498 3337 615 3387 manu
638 3327 765 3388 nostre
794 3313 926 3388 subtus
950 3337 1034 3389 earn
1062 3310 1292 3387 firmavimus
1316 3324 1355 3386 et
1388 3310 1520 3384 annuli
1550 3335 1620 3384 no·
1707 3354 1710 3362 ·
1749 3341 1755 3346 ’

16 3465 24 3512 l„
99 3413 166 3488 stri
188 3412 441 3509 impressione
468 3410 620 3524 sigillari
641 3407 823 3488 iussimus.
896 3412 995 3486 Data
1025 3411 1188 3484 ll.·ldus
1212 3406 1412 3520 Augusti&=
1434 3433 1535 3520 anno
1565 3405 1620 3480 ina

16 3519 18 3570 l
100 3508 337 3586 carnationis
379 3507 524 3584 domim
562 3509 684 3592 nostri
714 3511 797 3613 903.
829 3533 932 3586 anno
963 3533 1055 3584 veto
1090 3507 1328 3582 Hludouutcr
1359 3531 1512 3608 piissimi
1547 3503 1620 3580 lle·

16 3653 18 3720 j
98 3611 154 3706 pis
181 3621 347 3710 quarto,
379 3605 593 3689 indictione
618 3605 687 3693 Vi·
742 3610 892 3710 Actum
912 3618 953 3710 in
977 3605 1123 3706 Otio'fla
1151 3604 1194 3685 in
1217 3602 1298 3714 Dei
1320 3613 1481 3684 nomine
1502 3599 1621 3682 felici..

99 3721 160 3788 iet
186 3731 318 3788 amen·
449 3755 453 3764 ·
494 3727 497 3738 '
614 3721 621 3732 ³
662 3729 664 3734 ’
907 3744 909 3752 ·
1004 3759 1007 3769 ·
1336 3757 1340 3772 ·
1574 3765 1578 3774 .
1616 3773 1620 3778 .

1016 4009 1022 4026 Ι
1084 3959 1088 3966 ι
1114 3989 1125 4007 Ι
1191 3973 1195 3980 1
1297 3961 1300 3968 Ι
