3710 4838
770 233 893 336 'air
943 223 1013 346 cet
1064 281 1139 334 w
1224 249 1264 278 ''
1673 351 1677 356 ἱ

388 502 392 510 .
453 399 570 542 nun.
595 401 778 544 nxux.
855 467 961 548 1271.
990 471 1023 526 ι.
1047 445 1188 527 narrt.
1236 441 1296 526 ax
1320 445 1518 580 ortanae
1714 503 1726 522 ..
1828 461 1843 475 0

306 647 409 711 erato
437 609 668 726 possessionum
694 647 730 708 in
748 645 907 726 Saemting
926 645 1007 709 taeta
1027 649 1071 712 ab,
1089 649 1269 708 Hermanno
1294 647 1396 709 milite
1418 615 1457 708 de
1478 649 1663 714 Mannatorb
1687 597 1690 612 Ι

274 760 286 812 i
322 827 406 902 Nos
432 800 536 904 Leti
561 821 803 914 miseratione
831 825 956 905 divina
981 823 1239 930 Ratispon..E
1267 849 1313 900 ua
1336 825 1519 903 universis
1550 827 1745 928 presencia

97 987 101 997 ,
220 924 449 1028 inspecturis
474 929 651 1003 volumus
680 947 758 1000 esse
786 935 936 1019 notum,
971 923 1193 1024 quodcum
1262 948 1466 1000 ermannus
1488 923 1596 1004 miles
1622 926 1745 1004 dictus

39 1078 42 1086 ψ
114 1015 130 1038 '
223 1027 274 1103 de
295 1023 515 1126 Maprrstorl
527 1047 822 1120 recognoscens,
843 1022 953 1122 tquod
981 1023 1030 1097 de
1050 1046 1209 1122 persona
1225 1020 1491 1136 Ratisponensi
1506 1023 1637 1101 Ecclic
1659 1027 1744 1100 atti·

223 1135 356 1216 neret,
375 1134 414 1201 et
429 1147 499 1223 per
514 1117 946 1219 matrimoniiCopulam
965 1145 1004 1194 se
1027 1122 1154 1218 quoad
1167 1121 1315 1220 prolem
1333 1123 1518 1198 alienaret
1536 1107 1744 1220 abeodem,
1773 1183 1775 1190 .
1831 1109 1845 1138 '¹

170 1243 177 1270 ¹
225 1234 264 1298 et
298 1224 432 1299 volens
454 1221 505 1296 de
536 1219 611 1332 suis
641 1217 885 1332 facultatibus
913 1215 1151 1330 alienationis
1179 1216 1287 1327 hmoi
1314 1220 1667 1332 compensationem
1695 1223 1746 1296 la·

223 1325 323 1410 cere,
349 1318 399 1396 de
415 1317 735 1419 'possessionibua
767 1341 859 1417 quas
886 1341 909 1392 a
935 1315 1129 1414 Ratrspon.
1152 1313 1282 1390 Ecclra
1309 1315 1413 1390 ieodr
1438 1320 1551 1392 utulo
1574 1320 1745 1407 tenebat,

91 1405 116 1458 '¹
224 1418 335 1498 cessit
363 1443 452 1505 cum
472 1415 752 1514 solempnitate
784 1413 923 1506 debita,
962 1437 1039 1512 que
1072 1409 1270 1488 consuevit
1302 1409 1344 1500 in
1380 1409 1539 1488 talibus
1560 1416 1746 1510 adbiberi,
1844 1435 1845 1438 ’

252 1513 522 1592 assessionibus
552 1513 594 1588 in
618 1513 876 1608 Saemting,
907 1509 1142 1587 solventibus
1167 1508 1363 1606 annuatim
1389 1511 1437 1603 43
1459 1507 1595 1586 Scaffas
1615 1513 1744 1610 tritici,
1818 1523 1843 1564 ⁸

222 1543 359 1692 iecem
387 1613 566 1688 videlicet
591 1609 758 1708 siliginis,
790 1610 924 1684 decem
942 1623 991 1694 et
1017 1619 1107 1683 octo
1137 1615 1243 1706 pisar.
1268 1601 1371 1681 xdua's
1401 1631 1533 1702 avene,
1557 1607 1745 1688 'tredecim

93 1757 99 1766 -
186 1709 371 1803 ‘hordei
402 1729 441 1786 et
469 1713 598 1786 denar.
628 1709 713 1784 liat.
743 1721 906 1809 quatuor
936 1717 981 1780 te.
1012 1717 1053 1780 et
1081 1697 1296 1796 munitioni,
1330 1729 1444 1806 quam
1478 1719 1767 1798 construxerat,
1817 1721 1823 1736 “

220 1797 380 1902 ibidem,
404 1806 469 1899 ita,
492 1805 607 1908 quod
619 1805 782 1902 munitio
808 1816 886 1904 ipsa
910 1806 1132 1897 destruatur,
1158 1814 1197 1880 et
1214 1799 1285 1876 alia
1311 1805 1527 1878 nullatenus
1550 1819 1745 1884 construe.

221 1926 295 2002 tur,
329 1920 368 1983 et
394 1909 500 1983 loeus
527 1902 753 1980 munitionis
782 1915 821 1978 et
851 1899 1104 2000 possessiones
1135 1898 1351 2000 supradicte
1383 1925 1454 2000 per
1480 1927 1550 1977 nos
1579 1917 1618 1982 et
1648 1901 1744 1984 Suc·

223 2029 388 2084 cessores
414 2027 503 2079 nros
534 1997 751 2077 alienentur
766 2002 994 2076 nullatenus
1027 2024 1049 2074 a
1075 1996 1276 2098 Ratispon.'
1300 1999 1424 2073 Ecclia
1444 1999 1743 2100 ,teodali'tituio
1805 2053 1808 2068 ·

220 2106 281 2181 vei
303 2125 536 2214 quocunque
554 2097 643 2193 alio,
667 2100 734 2174 sed
754 2100 802 2172 ad
828 2123 996 2174 mensam
1012 2093 1088 2196 Epi
1112 2094 1329 2196 pertineant
1353 2095 1396 2169 in
1417 2095 1598 2174 futurum
1639 2100 1744 2203 Quia
1789 2185 1792 2190 ,

198 2227 314 2277 1νενο
344 2223 547 2300 pecuniam
575 2225 658 2290 non
685 2196 899 2288 habuimus,
930 2195 1036 2269 unde
1062 2193 1310 2272 devotionem
1342 2191 1436 2268 dicti
1461 2193 1591 2272 militia
1617 2223 1746 2298 posse·

221 2325 306 2377 mus
325 2320 583 2391 remunerare,
608 2323 678 2398 pro
703 2293 847 2371 meritis
871 2294 1010 2369 dilecte
1035 2290 1078 2368 in
1099 2291 1190 2392 Xpo
1215 2293 1345 2390 Agnes
1371 2289 1545 2390 priorissa
1573 2307 1614 2371 et
1640 2294 1744 2376 Con·

210 2409 358 2474 sentus
387 2420 449 2473 soe
469 2393 603 2470 Crucis
629 2393 825 2506 Ratispon.
855 2391 1046 2467 dederunt
1070 2389 1111 2464 in
1143 2387 1539 2492 recompensationem
1571 2392 1760 2472 devotio-¹

219 2496 279 2573 nis
304 2493 476 2598 predicte
502 2520 573 2592 pro
601 2489 819 2567 munitione
852 2503 891 2566 et
915 2491 1007 2564 loco
1035 2487 1151 2586 ipsius
1180 2499 1220 2563 et
1245 2487 1539 2588 possessionibus
1564 2492 1744 2604 pepelatis
1776 2499 1783 2510 '

221 2616 294 2670 aro
319 2604 364 2666 tt.
395 2591 521 2666 denar.
549 2589 632 2663 Rat.
667 2601 706 2664 et
745 2583 832 2686 quia
866 2613 909 2660 su
938 2583 1104 2660 radiolus
1134 2585 1185 2660 H.
1216 2607 1489 2662 unacum...
1522 2590 1661 2668 Judrce
1692 2593 1743 2672 de

67 2685 81 2704 ”
211 2687 383 2767 ·Ahbach
409 2702 581 2763 emerant
611 2711 633 2759 a
666 2684 778 2760 nobis
803 2708 872 2784 pro
969 2697 1012 2757 tt.
1038 2683 1125 2757 den.
1152 2683 1236 2758 liat.
1270 2681 1458 2760 decimam
1477 2684 1578 2764 Vini
1604 2685 1646 2764 in'
1675 2693 1742 2789 pa·

220 2787 350 2864 rochia
382 2783 580 2861 Abbach
617 2782 746 2876 sitam,
787 2782 1033 2884 quoadusque
1064 2803 1134 2855 nos
1164 2782 1228 2856 vel
1253 2777 1497 2860 Srrcoessores
1531 2782 1590 2860 nri
1621 2805 1748 2888 ipsam·¹

218 2909 478 2962 reemeremus
512 2884 559 2958 ab
584 2881 736 2973 eisdem,
768 2905 838 2982 pro
860 2891 1019 2982 pecunia
1047 2871 1122 2979 jam
1145 2877 1330 2980 predicta,
1362 2880 1465 2958 idem
1494 2881 1741 2963 Hermannus

219 2995 381 3084 receptis
411 2983 459 3058 30
476 2994 520 3058 te
545 2981 681 3062 Rasa
712 2978 884 3081 priorissa
917 2990 956 3054 et
981 2977 1185 3054 Conventa
1216 2977 1389 3076 superius
1422 2979 1637 3074 nominatis,
1663 3008 1742 3059 oes-
1783 3011 1787 3022 ·

176 3131 180 3140 ·
218 3082 275 3158 sit'
290 3079 488 3156 medietati
511 3083 659 3155 decime
681 3077 904 3178 supradicte,
932 3089 970 3152 et
1003 3099 1087 3152 eam
1141 3073 1289 3151 riorisse
1318 3087 1357 3150 et
1384 3073 1607 3154 conventui
1632 3081 1746 3163 dedii·

130 3261 135 3270 ,
168 3197 173 3204 ·
220 3183 261 3256 et
285 3175 438 3252 tradidit
469 3176 693 3272 auctoritate
721 3203 789 3250 nra
822 3197 860 3251 et
885 3174 1084 3250 Consensu
1113 3101 1223 3272 bapti
1249 3172 1320 3265 nri,
1352 3198 1541 3251 necnon
1571 3176 1744 3286 ministe2

218 3275 366 3354 rialium
393 3294 430 3349 et
457 3274 629 3366 aliorum,
662 3298 826 3373 quorum
853 3272 1035 3349 intererat
1065 3269 1293 3360 consentire,
1328 3271 1404 3348 hoc
1427 3268 1579 3374 adjecto
1610 3281 1739 3376 pacto,

221 3369 327 3476 quod
346 3398 417 3447 nos
443 3385 481 3447 et
502 3371 746 3446 Successores
767 3370 827 3445 nri
851 3367 1055 3444 babeamus
1079 3366 1237 3446 liberam
1262 3367 1496 3463 acuitatem,
1526 3397 1548 3447 a
1567 3374 1739 3474 priorissa

219 3481 260 3551 et
278 3473 482 3548 Conventa
510 3467 684 3568 sepelatis
717 3471 847 3542 locum
877 3465 1101 3552 munitionis
1134 3489 1221 3542 cum
1236 3466 1540 3571 possessionibus
1569 3483 1743 3572 superiua'

218 3566 425 3648 nominatis
449 3593 518 3670 pro
541 3580 669 3642 nrott.
693 3565 774 3641 liat.
799 3569 884 3641 den.
912 3584 950 3640 et
977 3563 1224 3640 medietatem
1253 3568 1469 3666 supradicte
1494 3571 1641 3660 decime
1666 3569 1744 3672 pro'
1846 3577 1848 3582 '

218 3667 269 3746 30
287 3679 329 3741 tt.
350 3665 434 3741 Rat.
462 3663 668 3746 reemendi.
721 3667 766 3740 ln
796 3657 902 3765 cujus
919 3662 985 3740 'rei
1012 3661 1270 3760 testimonium
1297 3679 1493 3766 presentes
1515 3665 1657 3744 litteras
1679 3669 1744 3770 pi,

218 3766 410 3866 gillorum,
429 3764 503 3852 ,nri
533 3763 711 3841 videlicet
737 3773 776 3840 et
797 3759 970 3863 ,Capituli
991 3761 1078 3835 liat.
1105 3787 1179 3837 nec
1207 3784 1289 3839 non
1310 3763 1619 3842 consiliariorum
1650 3777 1742 3844 nrol

118 3879 125 3888 ·
216 3861 630 3954 τυπιβαηοηὶοοωηι,
663 3863 824 3936 dnortrm
857 3856 1052 3934 Altmanni
1080 3855 1275 3958 prepositi,
1309 3861 1398 3936 Alb.
1434 3863 1579 3955 decani,
1613 3855 1742 3966 Magri

218 3955 343 4040 Ulrici
361 3959 559 4036 Scolastici
585 3973 624 4037 et
643 3958 765 4036 Ulrici
790 3960 840 4034 de
860 3955 1090 4033 Dornbercb
1106 3957 1175 4033 =nri
1196 3954 1378 4036 Vicednt:
1404 3951 1607 4036 Laicorum
1631 3989 1737 4059 vero,

63 4057 89 4080 ‘
220 4047 416 4154 chunradi
443 4057 491 4132 de
509 4053 704 4152 Erenvels,
721 4055 930 4132 'chunradi
958 4057 1006 4132 de
1030 4055 1282 4150 Hohenvels,
1300 4069 1339 4133 et
1366 4057 1552 4135 Paldwini
1585 4063 1633 4139 de
1654 4063 1739 4140 Par.

219 4155 316 4272 bing·
335 4153 512 4292 militum,
544 4179 591 4232 ac·
611 4155 785 4258 Sigimrdi
816 4157 865 4239 de
890 4151 1136 4350 Egloisob‘eim,
1168 4170 1216 4286 et·
1229 4153 1405 4284 priorisse
1438 4181 1483 4240 ao
1513 4157 1737 4254 Conventa,
1822 4183 1827 4194 .
