3616 4850
776 351 1099 440 rvrolf-e·

280 591 290 600 .
389 515 549 620 Signum
571 513 948 612 Ricbbclmi'arcbi·
969 503 1134 600 diaconi,
1195 559 1200 570 =

388 618 547 716 Signum
571 620 755 696 Immonis
780 619 966 696 advocati.
1506 711 1509 718 Ι
1547 655 1550 662 ’
1597 681 1600 690 .
1641 693 1646 706 ,
1712 665 1718 674 ·

177 773 181 786 .
272 713 276 724 ’
386 717 547 813 Signum
556 714 1252 828 Crimrmi,signumRihpald,sigmml
1261 717 1516 825 Onicignum
1526 737 1707 844 Wolpffl.

158 864 177 930 ᾗ
285 840 402 918 Facta
428 849 485 917 est
507 839 604 916 haec
629 838 885 936 Confinrlatio
907 841 978 918 Xl·
1001 843 1086 919 Kal.
1104 840 1289 920 Octobris
1315 847 1357 924 in
1384 849 1554 936 Ecclesia
1581 870 1700 952 sancti

172 937 424 1022 ummoami
444 936 487 1019 iu
507 938 589 1042 ipsa
610 936 762 1040 vigilia,
786 963 888 1016 anno
911 941 968 1021 ll.
989 941 1143 1042 imperii
1162 945 1359 1024 llludwioi
1376 949 1553 1047 Augusti.

442 1313 559 1410 Nmn.
568 1309 719 1396 xvlll.
733 1312 816 1407 814.
830 1311 891 1392 28.
899 1309 1063 1396 Octobr.
1079 1313 1141 1394 Ex
1151 1317 1448 1421 Diplornatarim

114 1487 118 1494 '
254 1561 259 1570 .
375 1483 517 1549 Traditio
540 1483 706 1562 Ricbpaldi
726 1484 862 1547 Abbetia
883 1443 1045 1550 cuiusdam
1072 1489 1153 1578 lactu
1170 1499 1277 1552 sancto
1299 1451 1540 1588 Eumenem,
1765 1560 1771 1567 ,

18 1665 27 1678 ·
282 1629 330 1707 ln
353 1627 526 1706 Nomine·
542 1627 672 1720 Patris,
700 1639 738 1704 et
750 1626 858 1722 uitii,
884 1630 970 1707 ets
999 1626 1118 1710 iritus¹
1131 1632 1273 1711 Sancti.
1322 1633 1442 1732 Igitur
1465 1635 1505 1712 in
1524 1633 1600 1716 Dei
1618 1643 1699 1720 tro·

32 1804 47 1830 ,
170 1727 289 1806 ''nline
316 1753 388 1828 ego
408 1727 616 1839 Rihpaldus
643 1727 778 1802 Abbas
802 1659 1239 1809 tradidlliaereditatem
1260 1735 1401 1824 ‘'meam,
1435 1744 1552 1835 quam·
1576 1735 1696 1818 libai

182 1831 229 1903 ad
250 1827 397 1926 Sezpah·
424 1839 464 1901 et
490 1827 536 1898 ad
566 1824 850 1900 Nruuinhusum
877 1825 918 1900 in
941 1851 1078 1902 manus
1098 1830 1289 1924 Abbonis,
1321 1844 1360 1908 et
1380 1831 1627 1929 Engiln'ronis,
1641 1831 1696 1912 'et

168 1923 415 2018 isandeonis,
442 1939 482 1999 et
504 1922 676 2014 Paldrici,
709 1936 749 1998 et
774 1921 928 2016 Ratolfi,
955 1937 995 1999 ct
1015 1925 1165 2022 Anoni3
1196 1939 1240 2003 ut
1262 1929 1292 2006 si
1316 1953 1389 2025 ego
1413 1944 1585 2007 mortuus
1610 1929 1701 2010 luis-

168 2028 263 2100 ιεειιι
287 2021 329 2097 in
351 2023 424 2096 isto
445 2021 585 2098 itinere
606 2022 653 2094 ad
676 2019 863 2095 Palatium
888 2023 1029 2112 eundo,
1055 2036 1149 2100 tunc
1167 2025 1243 2128 ,ipsi
1262 2025 1332 2102 viri
1358 2027 1452 2102 haec
1474 2029 1604 2104 omnia
1625 2053 1699 2130 pro
1730 2111 1741 2122 ,
1763 2079 1768 2086 -

181 2121 308 2195 anima
337 2121 510 2196 medad
539 2117 576 2191 S.
609 2119 896 2206 Emmeramum
937 2120 1189 2216 tradidissent,
1234 2136 1405 2224 petoque
1434 2123 1698 2208 Adaluuinnm

170 2217 416 2391 λιῐίρίείοιοῦωη
436 2221 500 2292 vel
521 2211 602 2320 ejus
625 2241 870 2307 successores,
900 2227 947 2290 ut
970 2217 1067 2294 haec
1087 2221 1169 2296 duo
1191 2223 1285 2320 loco,
1318 2223 1358 2296 id
1380 2233 1448 2315 eat,
1471 2225 1526 2300 nd·
1540 2207 1697 2324 Sezpab,

160 2345 163 2350 ·
182 2329 223 2393 et
249 2344 271 2391 a
1639 2319 1647 2338 ⁶

48 2469 53 2476 -
167 2411 223 2490 ‘in
241 2411 434 2491 beneficio
463 2415 667 2504 donentur,
701 2432 740 2491 et
761 2425 960 2488 manentes
984 2414 1056 2515 ipsi
1084 2443 1164 2492 non
1186 2419 1394 2511 mutentur,
1427 2421 1495 2497 sed
1516 2415 1697 2498 m'aneabt

363 2315 611 2390 iuuinhusum
638 2339 794 2415 semper
820 2315 869 2388 ad
895 2313 1234 2394 S.·E1nmeramum
1264 2319 1514 2416 serviant,‘⁷et
1530 2321 1694 2402 nemini
1801 2413 1807 2420 ¹

179 2509 222 2587 in
237 2509 330 2587 locis
351 2511 427 2587 suis
451 2524 491 2588 et
508 2510 589 2612 ipsa
610 2511 812 2612 mancipia.
860 2510 1061 2589 Defuncto
1082 2539 1175 2591 vero
1193 2513 1383 2617 llihpaldo
1397 2519 1561 2610 Ablue,
1587 2519 1697 2594 venit
1805 2553 1807 2556 ·

76 2668 78 2673 .
139 2680 142 2687 .
179 2610 308 2703 Abbo,
340 2635 416 2684 una
445 2637 533 2685 cum
560 2608 732 2688 Paldrico
763 2619 803 2684 et
824 2607 987 2702 Ratolso,
1019 2611 1193 2688 similiter
1214 2632 1251 2688 et
1276 2619 1390 2692 Anno
1410 2617 1459 2689 ad
1480 2617 1517 2690 S.
1538 2617 1697 2691 Emme·

172 2733 339 2802 ramum,
371 2721 411 2783 et
437 2708 597 2784 eandem
617 2705 876 2798 traditionem,
908 2733 1023 2806 quam
1043 2709 1205 2811 Ribpald
1219 2710 1359 2792 ,Abbas
1387 2711 1428 2788 in
1457 2737 1589 2788 eorum
1619 2716 1695 2788 ma·

180 2831 254 2882 nus
281 2803 419 2906 posuit,
450 2804 687 2881 tradiderunt
713 2805 750 2880 S.
773 2803 1018 2884 Emmeramo
1053 2834 1124 2908 pro
1153 2808 1333 2908 Rihpaldi
1359 2809 1519 2886 Abbatis
1544 2809 1694 2886 animae

180 2906 359 2981 mercede
390 2919 557 2994 aeterna,
605 2915 646 2980 ct
671 2901 882 2980 vestienmt
925 2928 1046 2986 oasam
1081 2905 1119 2980 S.
1149 2907 1381 2983 Emmerami
1415 2910 1465 2983 dc
1504 2909 1692 3001 omnibus,

181 3025 358 3104 quaecun
412 3020 456 3078 ae
474 3000 723 3094 tradiderunt,
741 2999 864 3092 idest,
882 3013 1082 3078 manentes
1095 2997 1199 3083 XlV.
1215 3007 1263 3079 ad
1278 3005 1441 3107 Serpah3
1467 3007 1515 3078 ad
1530 3005 1694 3082 Niuuin-

174 3099 339 3176 busonl
380 3125 507 3177 .cum
529 3097 727 3200 mancipiis
752 3111 792 3176 et
814 3096 1004 3204 domibus,
1028 3113 1154 3177 curtes
1178 3101 1360 3178 similiter
1376 3117 1415 3178 et
1438 3117 1566 3192 terras,
1593 3127 1691 3176 cam·
1776 3185 1778 3188 ,

109 3265 116 3274 .
178 3197 248 3300 pis,
279 3197 391 3296 silvis,
422 3195 549 3298 pratis,
581 3195 739 3298 pascuis,
769 3193 888 3296 aquis,
920 3198 1127 3274 mobilibus
1156 3211 1195 3274 et
1223 3198 1494 3292 immobilibus.
1551 3199 1692 3274 Omnia

180 3299 283 3372 culta
298 3299 361 3372 vel
373 3294 532 3387 inculta5
562 3293 700 3370 omnia.
733 3293 840 3369 Nihil
855 3293 1106 3396 praetermisit
1122 3293 1287 3397 Rihpald
1307 3313 1469 3396 excepto
1485 3295 1603 3370 hobas
1616 3297 1653 3368 ll
1663 3297 1689 3370 l.

179 3419 272 3494 quas
299 3391 576 3468 concambiavit
600 3419 688 3468 cum
708 3390 963 3488 Meginhordo
990 3393 1164 3486 illibate
1188 3395 1264 3470 boc
1290 3393 1556 3471 tantummodo
1584 3415 1693 3490 prae·

176 3489 352 3568 termisit.
407 3491 463 3584 Et,
482 3488 572 3566 ideo
599 3513 671 3587 ego
701 3487 867 3589 Rihpald
892 3489 1029 3566 tradidi
1054 3487 1130 3568 hoc
1156 3493 1197 3567 in
1217 3506 1294 3570 tam
1316 3495 1525 3568 multorum
1554 3509 1689 3566 manus

70 3613 76 3620 ·
176 3588 392 3681 bominum,
417 3587 457 3663 id
481 3600 538 3664 est
560 3611 627 3663 sex
646 3586 868 3682 bominum,
895 3591 945 3664 ut'
958 3588 1193 3694 quicumque
1215 3617 1263 3669 ex
1285 3589 1342 3664 his
1362 3586 1582 3680 voluissent,
1609 3599 1689 3662 tarn
1717 3589 1720 3596 ⁴

94 3777 99 3782 ¹
177 3713 288 3780 unus,
326 3712 440 3790 quom
465 3686 554 3779 duo,
594 3685 672 3764 sive
696 3700 785 3780 tres,
816 3709 894 3774 seu,
912 3711 1045 3781 omnes
1070 3687 1183 3765 simul
1217 3689 1264 3762 ad
1285 3687 1467 3760 Sanctum
1495 3681 1690 3759 Emmera-

173 3810 283 3862 mum
305 3783 479 3861 tradendi
502 3785 664 3862 liberam
683 3797 919 3886 potestatem
939 3784 982 3862 in
1003 3787 1182 3862 omnibus
1203 3783 1433 3859 habuissent.
1483 3783 1574 3857 Post
1593 3780 1690 3876 haee

174 3905 267 3960 vero
290 3881 405 3963 venit:
418 3883 547 3977 Abbo,
581 3893 621 3958 et
641 3881 804 3977 Paldrih,
830 3895 979 3960 etcum
1001 3884 1055 3960 eis
1073 3879 1210 3958 Ratolf
1230 3893 1270 3956 et
1291 3881 1392 3974 Ano,
1420 3891 1459 3956 et
1475 3877 1689 3956 vestierunt

175 3981 387 4058 immonem
411 3971 639 4076 aduocatum
659 3980 922 4056 AdaluuiniE
950 3982 963 4056 i
985 3993 1025 4054 ct
1039 3979 1330 4060 Vuicrammum
1350 3979 1620 4082 Presbyterum
1647 3989 1688 4052 et

173 4075 438 4180 Praepositum
459 4080 508 4153 de
533 4077 591 4152 his
613 4077 764 4152 duobus
784 4075 890 4170 locis,
916 4009 992 4152 icc
1013 4088 1081 4173 est,
1105 4077 1154 4151 ad
1173 4076 1318 4177 Sezpah
1344 4089 1384 4153 et
1403 4073 1688 4168 Niuuinhuson,

173 4188 214 4253 et
229 4203 407 4253 concessa
422 4188 511 4250 sunt
532 4176 627 4251 haec
648 4177 743 4252 loca.
760 4199 764 4230 ³
793 4177 1019 4276 Adserpah
1041 4175 1199 4252 sedebat
1219 4171 1353 4251 Ratolt
1363 4173 1577 4250 Monachus
1597 4194 1690 4248 cum

51 4313 55 4318 ·
173 4275 288 4357 servis
299 4270 461 4350 Domini
471 4271 661 4376 episcopi
678 4271 905 4369 Adaluuiui3
930 4275 987 4358 adr
995 4271 1276 4358 Nicuinhuson
1289 4271 1557 4358 valerannus
1569 4266 1688 4402 *Prae-
1772 4273 1782 4282 “
