3710 4838
799 309 875 361 <f
920 272 1115 397 471⁸*

199 479 448 568 'testessunta
480 473 596 582 {pater
620 475 826 557 Herwicus
850 479 960 554 Prior
983 473 1136 554 iseum
1161 475 1454 580 predicatorum,
1485 481 1602 574 frater
1625 480 1717 562 Ber·

2 616 11 626 ·
88 637 93 645 .
138 661 140 666 ,
199 577 326 653 toldus
356 578 497 671 lector,
541 576 788 656 Haertwicus
820 577 999 654 Notarius
1031 591 1199 670 noster,
1227 563 1450 656 Chunradus
1480 581 1715 676 Hiltebraue

200 671 406 752 Heinrious
432 676 481 752 de
506 675 720 770 Ambercb,
743 674 959 752 -Indwious
984 677 1106 761 dietus
1133 674 1356 770 Ghranraer,
1390 677 1601 756 Fridericus
1627 679 1716 784 sty-

126 813 157 824 ··
199 773 298 862 chel,
326 791 364 848 et
392 771 597 850 Heinrious
623 773 785 875 piscator
811 772 922 852 Cives
947 771 1148 882 Ratispop:
1190 775 1288 852 Acta
1313 776 1498 859 strutheo
1523 801 1622 858 anno
1650 781 1716 858 dni

96 895 140 956 ·,
204 867 311 950 1263.
344 869 466 949 Nouis
489 873 665 971 Augusti.
874 903 877 910 ’
1088 898 1090 907 ·

508 1023 512 1033 ·
564 1003 569 1008 ’
651 1001 807 1094 Sigillum
827 1003 895 1092 Epi
913 999 1065 1066 illaesum
1087 991 1253 1088 odpendet
1293 1067 1297 1076 ,
1353 993 1354 996 “
1416 1003 1420 1010 ’

347 1219 465 1356 uam.
493 1275 832 1392 ccccxcvrrr
871 1278 976 1357 noa.
998 1228 1062 1356 is.
1090 1273 1252 1357 cetur.
1302 1277 1361 1354 n
1384 1223 1603 1377 oa'grnar..
1657 1345 1661 1352 .
1752 1325 1758 1330 -

197 1403 472 1480 'Arbitramentum
501 1418 584 1480 circa
610 1419 818 1514 possessiones
845 1417 881 1476 in
910 1390 1084 1477 Fsseubsch
1118 1421 1153 1478 ct
1187 1417 1287 1476 Lcren
1318 1417 1468 1498 litigiosas
1495 1419 1581 1510 inter
1615 1419 1718 1511 Epurn

644 1523 804 1584 Ratisbon·
834 1522 1035 1596 ei'Comitem
1055 1522 1095 1584 de
1115 1523 1273 1602 Mosburg.
1395 1543 1402 1556 ·

298 1665 379 1740 Nos
415 1665 513 1742 Leo
536 1665 791 1753 miseratione.
825 1662 953 1742 divina
992 1664 1187 1767 Ratispon.
1211 1661 1370 1768 '·'Epus,
1399 1677 1451 1744 :et
1492 1663 1716 1745 Chunradus
1806 1699 1815 1708 ·

10 1803 17 1842 ι
196 1761 344 1839 Comes
367 1760 503 1848 Senior
542 1765 591 1840 de
624 1765 832 1861 Mosburgs
866 1763 1050 1840 uniuersis
1084 1777 1280 1865 presentes
1309 1764 1453 1845 litterae
1493 1767 1716 1864 inspecturis
1762 1825 1771 1830 -

39 1919 43 1924 -
100 1933 102 1938 .
163 1863 374 1954 solemus
405 1884 484 1938 esse
513 1874 661 1959 notum,
695 1865 801 1964 quod
834 1889 923 1938 cum
953 1859 1057 1937 inter
1079 1887 1153 1938 nos
1166 1855 1328 1962 'questio
1353 1875 1717 1964 vertereturlsuper

123 2026 127 2032 .
190 1953 394 2034 advocatia
424 1957 467 2035 in
497 1953 795 2052 Essenbach,
834 1971 875 2036 et
905 1957 1202 2060 possessionibus
1237 1959 1279 2039 in
1302 1959 1483 2051 -Lere-n,
1520 1983 1612 2060 quas
1642 1957 1715 2060 ego

198 2055 426 2132 Cbuuradus
455 2062 592 2155 (lomes
621 2069 661 2134 in
680 2059 805 2154 ‚titulo
827 2057 1001 2157 ,pignoris
1024 2055 1291 2148 vendicabam3
1323 2059 1476 2135 taudem
1505 2084 1618 2157 super
1641 2056 1717 2133 hac
1757 2104 1759 2108 ·

165 2233 174 2243 ,
199 2156 399 2254 questione
423 2165 463 2229 in
483 2157 641 2231 arbitros
664 2156 791 2236 extitit
806 2165 1119 2255 compromissum
1144 2156 1321 2255 experte
1339 2167 1419 2245 nra,
1439 2157 1617 2232 videlicet
1639 2155 1716 2258 Epi
1768 2161 1769 2166 ’

129 2255 133 2262 “
198 2261 241 2331 in
264 2249 433 2356 magram
463 2253 636 2356 Uirieum
665 2253 976 2347 Vicedbminum,
1015 2271 1053 2330 et
1079 2253 1324 2336 Baldwinum
1349 2253 1398 2328 de
1422 2252 1650 2350 Beerbinge,
1677 2267 1718 2332 et

196 2347 423 2446 Sighabduin
443 2351 499 2426 de
518 2349 826 2454 Egelplsesheim,
846 2375 909 2426 ex
931 2363 1040 2451 parte
1064 2375 1157 2428 vero
1180 2350 1257 2426 mei
1284 2348 1446 2425 Comitis
1471 2350 1512 2426 in
1543 2353 1735 2429 nobilem*

196 2447 466 2545 virumdnurn
493 2451 743 2526 ditmannum
777 2452 826 2528 de
852 2449 1052 2526 Ruteneke
1079 2447 1275 2526 Comitem
1298 2447 1533 2562 prepositum
1551 2448 1622 2526 *soi
1649 2451 1717 2526 Jo-

198 2543 350 2636 hannis,
374 2559 422 2623 ‘et
444 2547 709 2623 Eberhardum
730 2547 895 2623 militem
915 2548 964 2624 de
990 2548 1160 2639 Howen,
1191 2562 1230 2635 et
1252 2543 1487 2622 Frrderiotrrn
1509 2546 1558 2622 de
1573 2547 1716 2643 Furit,
1837 2555 1840 2566 '

198 2655 240 2720 et
263 2655 306 2720 in
328 2638 562 2720 Fridericurir
594 2648 642 2722 de
670 2645 812 2740 Perge,
855 2643 918 2742 qui
948 2648 1018 2743 prb
1047 2656 1240 2720 communi
1268 2643 1409 2720 arbitro
1439 2643 1510 2718 suit
1534 2643 1583 2720 ab
1615 2658 1717 2721 utro·

197 2736 275 2842 que
301 2746 413 2830 nrum
439 2741 640 2842 pr‘o'bono
670 2753 769 2842 pacis
796 2753 836 2819 et
863 2742 1069 2816 concordie
1088 2743 1316 2842 deputatus,
1342 2739 1427 2842 ·qui
1451 2743 1608 2828 tandem
1637 2767 1717 2819 orn.
1762 2743 1764 2747 ’

196 2865 267 2916 nes
289 2835 409 2915 'simul
430 2853 521 2938 ‚sunt
562 2843 686 2918 taliter
715 2837 942 2929 arbitrati,¹
968 2839 1073 2939 quod
1111 2864 1185 2953 ego
1227 2839 1368 2917 Comes
1407 2841 1538 2917 darem
1570 2853 1610 2918 et
1639 2854 1717 2918 tra·

90 3033 96 3042 ¹
199 2931 479 3034 derein'titulo
505 2938 741 3040 proprietatis
769 2939 817 3011 ad
841 2941 957 3013 altare
982 2937 1018 3012 S.
1046 2937 1148 3018 Petri
1178 2939 1373 3039 Ratispon.
1408 2936 1561 3013 Curiam
1591 2963 1717 3018 meam

198 3047 309 3109 sitam
336 3046 375 3111 in
400 3035 651 3132 Staudach,
678 3050 725 3115 et'
745 3034 855 3112 aliam
880 3047 1020 3134 curiam
1046 3061 1180 3112 meam·
1198 3063 1285 3112 cum
1318 3036 1465 3110 duobus
1489 3037 1718 3114 molendinis

194 3133 276 3220 sitis
301 3130 343 3207 in
367 3131 546 3228 Alteri,
574 3161 655 3236 ⁴que
679 3134 921 3236 proprietatis
954 3129 1066 3208 titulo
1088 3134 1137 3208 ad
1163 3159 1228 3209 me
1255 3135 1438 3209 hactenus
1464 3135 1717 3230 pertinebant,
1832 3163 1838 3174 ’

103 3255 115 3266 ·
199 3246 239 3308 et
264 3222 377 3330 eujus
405 3229 647 3306 Salmannum
676 3237 910 3331 aliquatenus
942 3259 1023 3306 non
1049 3228 1237 3321 sciebam,
1271 3243 1310 3306 et
1338 3228 1548 3332 reciperem
1575 3230 1616 3304 in
1640 3233 1718 3308 feo·
1840 3279 1846 3293 ι

199 3329 249 3405 do
272 3355 293 3404 a
317 3330 394 3416 dno
419 3329 513 3428 ¹Epo
540 3329 753 3427 supradicto
778 3347 818 3404 et
838 3329 912 3408 suis
934 3328 1219 3406 Successoribus
1246 3326 1495 3419 infuturum,
1532 3351 1605 3404 nec
1629 3330 1717 3406 alie·

198 3452 333 3505 narem
361 3426 515 3524 easdem,
546 3424 798 3528 possessiones
826 3423 910 3526 jarn=
933 3428 1050 3502 dictss
1082 3453 1223 3514 aurea
1252 3441 1443 3525 potestate
1478 3425 1519 3500 in
1552 3422 1718 3528 prejudi-

201 3524 305 3600 cium
338 3523 532 3624 Ratispon.
569 3523 700 3600 Ecclie
729 3550 889 3625 quoquo
920 3526 1061 3600 modo:
1108 3524 1192 3620 Ego
1223 3548 1315 3599 vero
1339 3524 1497 3600 arbitrio
1524 3523 1602 3600 hoo
1627 3551 1717 3600 oon-

197 3622 371 3710 sentiens
398 3624 568 3724 predicta
595 3620 732 3713 omnis,
765 3641 880 3722 prout
903 3621 1077 3736 superius
1099 3642 1187 3697 suut
1203 3645 1391 3721 expressa,
1422 3619 1496 3700 ieci
1525 3635 1562 3699 et
1583 3623 1718 3700 libera-

199 3718 290 3796 liter
317 3719 529 3821 idtmpieu.
578 3717 784 3798 Adiectum
809 3719 879 3795 suit
908 3732 1022 3799 etiam
1050 3718 1214 3804 arbitrio
1231 3722 1463 3824 supradicto,
1496 3721 1599 3821 quod
1619 3723 1718 3796 dnus
1761 3727 1774 3807 j

199 3817 312 3918 Epus·
325 3817 528 3918 Ratispon.
554 3813 623 3920 qui
642 3846 712 3920 pro
734 3833 910 3918 tempore
929 3819 1053 3912 luerit,
1075 3818 1238 3906 redimet·
1257 3829 1508 3920 possessiones
1516 3817 1573 3897 ..in
1592 3821 1718 3899 Leren

197 3941 269 4017 pro
298 3915 453 3991 Summa
477 3911 654 4017 pecunie,
691 3943 805 4019 quam
829 3927 1082 4018 expresserint
1105 3937 1145 3994 et
1170 3916 1429 3994 ordinaverint
1452 3919 1552 3992 dnus
1574 3917 1718 3994 Altma·

133 4027 139 4034 '
160 4095 167 4102 ,
198 4040 271 4090 nus
291 4013 504 4114 prepositus
527 4027 579 4092 sci
601 4013 798 4109 lobannis,
825 4027 865 4092 et
887 4014 1101 4092 Friderious
1122 4017 1171 4094 de
1192 4017 1310 4112 Perge
1328 4015 1498 4120 superius
1518 4014 1717 4092 nominati.

14 4147 23 4169 ι
200 4111 439 4189 Adiecerunt
461 4110 573 4188 etiam
594 4130 748 4215 septem
761 4111 892 4190 arbitri
912 4113 1126 4215 supradicti,
1153 4116 1258 4216 quod
1281 4117 1378 4189 dnus
1394 4113 1499 4214 Epus
1520 4111 1717 4213 Hatispon,
1818 4211 1822 4214 -

201 4233 266 4286 nse
290 4207 483 4288 Comitem
503 4203 714 4290 infeudabit
735 4212 786 4292 de
805 4209 952 4291 duabus
977 4211 1103 4298 Curiis
1125 4233 1164 4294 et
1186 4209 1335 4298 duobus
1353 4209 1584 4302 molendinis
1604 4233 1725 4311 supe·
1772 4251 1778 4260 ·
