3718 4848
774 317 853 369 ,Α
895 257 970 398 4i2
1015 307 1092 369 se·

34 449 74 510 ·‚
180 447 305 580 resti,
334 489 373 563 et
396 477 666 572 sl'ffl‘aniiest'us
689 481 976 588 attt‘sutpeettts
1002 495 1295 587 uonpurg'atus
1324 431 1540 578 cantatu,
1559 484 1685 566 frutus·
1733 513 1738 526 “

40 645 41 650 ,
180 584 479 674 adversariorum
496 599 657 661 urorum¹
677 609 814 685 penam
838 597 1155 685 prememoratam
1173 585 1425 686 qualicunque
1450 584 1605 682 ingenio
1632 587 1702 682 eff⁸

27 797 37 806 ”
176 779 396 862 libertatem
413 802 495 856 non
511 778 668 873 curavit,

57 1442 64 1550 *-
171 1485 304 1560 panus,
335 1470 366 1534 st
391 1481 543 1560 presens
564 1467 638 1549 est,
675 1459 738 1536 vel
758 1457 792 1532 si
815 1469 872 1537 est
897 1457 1052 1548 absens,
1082 1454 1169 1533 rice
1196 1454 1312 1558 ipsius

177 683 377 781 ingerere
405 679 547 780 elidere
574 681 877 780 attemptaverit,
906 707 930 756 a
953 689 1144 760 consortio
1170 693 1243 762 nro
1269 691 1309 770 et
1327 682 1551 795 prebenda,
1574 680 1714 785 ‘eujus

196 777 205 795 ⁹
720 790 878 878 erpetuo·
899 778 948 852 sit
970 781 1154 854 exclusus.
1201 778 1255 853 Et
1276 805 1366 879 qiua
1382 777 1558 880 plerique
1584 774 1684 856 'cirea

173 874 418 976 impetendus
438 873 567 962 ntaliter
587 803 816 982 excedentes
835 875 985 950 latitare
1007 879 1152 982 sqlent,
1182 874 1313 959 etalii
1332 888 1472 980 mutuo
1491 897 1684 963 reservare

177 971 189 994 '
258 969 722 1074 etitioues',‘erpeutando,
747 971 830 1074 quis
852 971 957 1072 prior
979 971 1152 1072 impetat,
1177 997 1229 1050 ne
1248 970 1325 1049 hoe
1349 983 1462 1050 ntum
1477 995 1685 1062 'commen-

70 1083 75 1093 “
172 997 302 1155 fflg
336 1081 522 1155 statutum
555 1081 597 1144 in
629 1070 800 1148 desectus
833 1093 921 1144 nros
954 1067 1021 1145 tali
1048 1071 1171 1146 modo
1198 1069 1315 1147 vileat
1333 1083 1385 1146 et
1416 1069 1460 1149 in
1517 1073 1686 1150 roieutus
1782 1157 1784 1167 Ι

172 1173 338 1253 transeat
365 1165 659 1258 adversantium,
699 1165 896 1242 adiieimus
929 1168 1129 1245 statuendo
1170 1173 1211 1245 'et
1249 1164 1327 1244 fide
1357 1165 1444 1244 data
1505 1168 1685 1264 rmandoss

174 1267 280 1370 quod
318 1277 404 1378 post
460 1293 520 1340 am
568 1275 700 1364 patere
740 1278 807 1337 aut
843 1262 1007 1362 suspicio
1043 1261 1177 1339 haberi
1217 1260 1364 1366 ceperit
1386 1264 1450 1354 jde
1486 1273 1684 1366 quoquam
1812 1351 1817 1370 .

171 1375 313 1470 mum,
331 1291 559 1465 quoduabsit,
590 1360 712 1462 ipsum
740 1383 819 1438 esse
846 1381 958 1437 reum
978 1357 1094 1436 modo
1113 1361 1177 1437 rel
1202 1358 1327 1436 modis
1338 1360 1605 1534 (pqqsfppiptish
1618 1362 1687 1534 del}

1374 1483 1398 1530 ο
1479 1473 1541 1535 ter
1605 1485 1626 1531 a

169 1565 230 1640 nri
256 1579 407 1656 presens
433 1557 570 1638 Senior
595 1555 806 1630 secundum
829 1565 1027 1632 introitum
1048 1551 1097 1630 ab
1121 1576 1200 1630 uno
1227 1563 1267 1629 et
1290 1577 1447 1653 quocun
1478 1577 1552 1656 que
1578 1483 1687 1633 Cupite

168 1644 326 1746 fratrum
358 1679 516 1734 urorum
543 1650 798 1742 ammonitus,
850 1648 1067 1727 convocatis
1101 1667 1143 1726 et
1178 1649 1374 1751 assumptis
1417 1649 1691 1728 Coniratribut

170 1741 419 1842 existentibus
455 1761 496 1826 tn
525 1749 687 1824 Ciuitate
724 1745 876 1824 iratrem
910 1769 1023 1822 reum
1054 1747 1118 1822 vel
1155 1762 1374 1850 suspectum
1404 1765 1580 1824 vocatum
1610 1747 1686 1825 im*

122 1919 126 1928 .
168 1857 294 1950 petat,
329 1861 372 1922 et
390 1844 589 1945 negotium
604 1868 735 1944 usque
760 1844 811 1920 ad
834 1841 953 1918 finem
985 1839 1156 1920 debitunt
1182 1842 1356 1920 tratribus
1383 1843 1685 1944 cooperantibus

56 1945 62 1958 ‘
171 1963 242 2024 ere
271 1953 392 2025 ratur.
423 1995 426 2004 ·
455 1943 631 2024 Deeanus
657 1962 815 2053 qupque
843 1941 907 2017 vel
931 1936 1048 2013 frater
1069 1937 1207 2014 Senior
1232 1964 1284 2017 eo
1310 1939 1469 2018 absente
1495 1941 1727 2042 predictas
1806 1999 1815 2020 .-

166 2053 211 2124 ut
265 2039 410 2132 rimus,
432 2055 663 2130 tractaturus,
695 2063 728 2110 sr
753 2059 797 2112 ea
820 2033 945 2108 faeere
967 2035 1243 2111 contradixerit
1265 2049 1333 2112 aut
1360 2041 1582 2133 neglexerit,
1614 2043 1685 2120 vel
1724 2069 1728 2074 ·

115 2203 134 2238 ,Ι
168 2134 305 2222 pallide
323 2160 365 2212 se
384 2133 611 2212 subtraxerit
633 2145 673 2210 et
690 2155 822 2206 amore
837 2147 904 2207 aut
919 2129 1057 2205 timore
1076 2129 1267 2206 declinare
1290 2135 1502 2228 studuerit,
1514 2132 1687 2238 quilibet

168 2237 326 2338 quoque
347 2231 605 2327 Coniiauum,
636 2229 702 2335 qui
725 2228 912 2306 decanum
935 2227 999 2303 vel
1019 2225 1175 2336 tratrem
1194 2226 1391 2308 Seniore'm
1413 2232 1584 2344 predicta
1604 2247 1686 2312 tras

168 2341 358 2432 elaturum
376 2329 418 2413 iu
433 2331 510 2410 hue
524 2323 735 2404 deseruerit
750 2333 928 2414 tractatu,
954 2335 993 2397 et
1012 2347 1145 2424 juvare
1166 2326 1441 2426 contradixerit
1464 2341 1532 2410 aut
1548 2333 1686 2430 negte:

165 2425 283 2520 gerit,
307 2443 373 2508 aut
397 2426 534 2505 callide
558 2447 600 2501 se
623 2421 867 2510 subtraxerit,
890 2429 957 2494 aut
979 2443 1109 2494 amore
1134 2424 1200 2496 vel·
1221 2421 1359 2502 timore
1385 2424 1580 2504 declinare
1602 2450 1687 2504 stu.

133 2527 302 2616 *duerit,
327 2547 465 2624 penam
484 2517 665 2602 sustineat
714 2533 935 2593 renotatam.
977 2515 1047 2592 Ut
1072 2535 1199 2593 autem
1225 2515 1412 2598 efficacius
1437 2521 1512 2597 hee
1536 2523 1690 2627 exequi

166 2615 374 2712 mteamus,
399 2617 490 2732 quia
513 2613 666 2694 difficile
688 2543 807 2707 iuret,
842 2609 974 2688 tratres
998 2633 1131 2689 omnes
1156 2614 1296 2692 totiens
1321 2633 1550 2712 convocare,
1583 2645 1689 2723 qno.

127 2779 130 2786 .
164 2716 265 2797 tiens
289 2729 487 2810 negotium
516 2713 752 2815 requireret,
790 2707 1080 2798 ordinationem
1110 2721 1377 2811 premissorum
1409 2713 1582 2818 quinque
1608 2719 1690 2798 fin.

165 2811 286 2896 tribus
318 2813 368 2892 H·
393 2813 533 2893 Seman
557 2807 855 2910 archydiacono,
897 2803 1032 2881 Ulrieo
1064 2808 1113 2884 de
1138 2809 1367 2885 Domberch
1399 2835 1470 2912 pre
1497 2815 1597 2890 usito
1625 2809 1686 2896 sei

164 2904 358 2998 Johauuis,
385 2905 582 3004 Magrus.
608 2902 825 2986 Scolastieo,
850 2901 985 2998 Magro
1004 2904 1053 2977 G:
1077 2905 1273 2981 archidiae.
1298 2909 1434 3004 Magno
1492 2923 1586 3002 etro,
1614 2913 1686 2991 vel

165 3031 201 3106 4.
225 3019 290 3090 aut
315 3005 351 3088 3.
376 3026 529 3093 eorum,
555 3027 643 3084 cum
668 3000 760 3077 alios
784 2999 913 3073 abesse
938 3000 1157 3098 continget,
1183 3003 1460 3099 commisimus,
1483 3003 1564 3085 fide
1588 3010 1689 3087 dats
1831 2979 1832 2984 Ἰ

164 3105 301 3202 singuli
323 3109 607 3202 promittentes,
641 3097 745 3200 quod
777 3119 912 3184 eorum
943 3097 1102 3173 consilio
1135 3110 1175 3171 et
1199 3098 1430 3178 ordinationi
1459 3101 1688 3202 parebimus

163 3225 278 3299 super
302 3206 534 3298 expensiset
555 3191 709 3274 Nuntiis
731 3187 939 3282 mittendis,
964 3196 1118 3286 etaltts,
1143 3219 1221 3298 que
1241 3195 1354 3272 nobis
1376 3199 1436 3276 ad·
1469 3213 1690 3280 roseentto·

164 3320 257 3374 nem
282 3293 445 3370 dictiue
472 3291 542 3375 otti
563 3290 721 3396 provida
744 3286 1019 3368 deliberatione
1045 3293 1223 3372 duxerint
1246 3289 1433 3394 iniungen
1481 3348 1493 3370 .
1551 3297 1609 3376 Et
1637 3318 1690 3376 ur

53 3445 57 3453 ‹
163 3389 239 3472 hee
263 3389 461 3470 firmitero
506 3407 702 3486 errentur,
733 3384 921 3464 in'robur
944 3409 1094 3480 eorum,
1126 3407 1166 3464 et
1188 3391 1515 3473 instestimonium
1536 3399 1691 3474 volun·

146 3497 253 3573 ,tatis
284 3483 458 3568 omniurn
488 3510 599 3565 nrum
629 3503 670 3568 et
697 3483 930 3580 sittgtrlomm
961 3479 1099 3586 Sigillis
1135 3495 1211 3562 nris
1243 3510 1287 3563 ea
1318 3489 1457 3591 placuit
1486 3491 1686 3592 insigniri.
1762 3573 1765 3581 ,

165 3584 265 3662 Aeta
289 3597 375 3662 sunt
398 3580 471 3658 hee
494 3607 595 3662 auno
620 3579 815 3684 dnt1246.
870 3583 961 3664 Dat.
985 3599 1114 3664 autem
1136 3583 1555 3690 manumittunt.
1591 3591 1690 3678 Kal.

166 3683 288 3792 tuan,
321 3674 537 3777 ruricurte
562 3691 704 3787 quarta

711 3897 760 3944 so.
782 3879 902 3970 etgitta
922 3881 1121 3974 appendent.

512 4072 1224 4126 .9····-·-·-·····-·-··-·*
