3662 4848
18 1427 23 1544 t

667 388 673 393 -
759 329 949 422 &⁸251
972 320 1071 410 ’Ψ

102 553 105 561 ·
137 495 340 599 ‘volumus
376 475 641 596 concinium
671 521 863 620 quoddam
887 504 990 596 inter
1014 481 1240 598 Ecclesiam*
1255 525 1432 614 nostram,
1471 535 1511 598 et
1539 516 1671 602 Comi·

165 641 242 696 tem
257 619 569 724 Iiabotonernde
591 617 789 694 Abinberk
815 617 865 692 ob
885 616 1114 719 petitionem
1137 614 1369 695 fratrumde
1387 621 1669 722 Halesprun-

163 735 264 807 nen,
301 717 407 816 quod
442 725 568 792 nostra
595 726 635 794 et
667 711 914 814 permissione
952 732 992 791 et
1027 716 1256 794 auctoritate
1289 713 1519 792 firmavimus
1554 731 1593 794 et
1618 720 1670 794 fa·

164 827 270 892 ctum
299 809 560 912 adprobamus.
620 809 762 899 Comes
785 831 958 912 'namque
985 813 1176 912 predictus
1231 814 1336 889 redia
1359 837 1436 905 sna,
1474 817 1597 914 qualia
1627 827 1670 896 in

162 912 270 988 Villis
297 900 497 1002 Gruebe,
534 906 1099 1022 QberndorfiPazansrut
1137 922 1178 986 et
1205 835 1541 1004 1i'ahendrabuit,
1573 913 1671 1025 legi·

161 1007 256 1088 tima
284 1005 705 1106 recompensationem
730 1007 901 1083 Ecclesie
926 1020 1058 1084 nostre
1083 1005 1358 1110 proprietatem
1375 1005 1478 1109 justa
1499 1006 1673 1106 donatm·

62 1191 63 1196 ,
159 1131 216 1181 ne
245 1103 457 1195 transfudit,
496 1100 641 1207 etjure
667 1101 882 1180 beneficiali
913 1127 936 1176 a
962 1103 1081 1179 nobis'
1100 1103 1258 1276 recepit,
1296 1117 1337 1180 et
1368 1103 1470 1181 aliud
1493 1107 1670 1210 predium
1805 1187 1809 1194 ,

161 1202 324 1278 nomine
348 1199 380 1276 F
387 1201 563 1293 eiham,
596 1203 700 1302 quod
725 1209 803 1302 ipse
830 1197 1067 1314 hereditario·
1087 1195 1182 1301 jure'
1225 1199 1378 1278 eneficii
1403 1229 1427 1275 a
1453 1201 1563 1276 nobis
1585 1227 1671 1302 pos·

18 1363 20 1394 ς
160 1303 314 1376 sederat
334 1298 436 1373 bona
461 1297 618 1397 quidem
641 1299 844 1374 intendens
866 1296 975 1371 nobis
996 1297 1209 1392 resignarit,
1235 1311 1275 1373 et
1296 1296 1600 1374 beneficialiain
1621 1324 1669 1376 eo

162 1395 354 1477 abdicavit
378 1419 424 1470 ca
445 1395 679 1488 conditione,
703 1407 749 1470 ut
774 1404 815 1470 in
868 1392 1114 1470 ossessionem
1136 1393 1481 1494 Halesprunnensis
1500 1396 1673 1472 Ecclesie
1703 1431 1705 1438 ’

159 1507 293 1570 nostra
308 1494 515 1568 donatione
540 1489 763 1584 firmaretur,
787 1516 804 1564 s
869 1487 912 1564 iii
934 1518 954 1562 a
983 1493 1038 1564 ud
1058 1516 1128 1566 nos
1147 1503 1395 1590 permanente
1409 1489 1669 1602 predictorum

18 1651 19 1654 ,
154 1589 386 1692 prediorum
406 1589 519 1684 digna
535 1597 899 1688 recompensatione.
981 1612 1022 1662 os
1037 1587 1165 1688 itaque
1182 1599 1346 1686 primunr
1366 1589 1521 1686 quidem
1537 1611 1672 1666 amore

161 1685 442 1786 omnipotentis
459 1687 533 1778 dei,
554 1697 593 1762 et
605 1683 772 1785 predicti
782 1682 942 1759 Comitis
956 1683 1190 1784 fratrumque
1199 1683 1588 1784 Halesprunnensium
1606 1686 1680 1778 ἀει,

18 1871 20 1886 .
153 1799 254 1868 ¹vota
272 1781 459 1954 petitione
479 1791 707 1879 resignatum
724 1779 834 1856 nobis
855 1781 1030 1882 predium
1053 1781 1220 1882 plenaria
1237 1791 1477 1859 restitutione
1495 1782 1670 1880 predictis
1777 1848 1783 1862 ,

159 1879 268 1958 fratri
299 1906 341 1954 us
371 1879 412 1954 in
439 1905 507 1980 pro
535 1891 713 1956 rietatem
745 1891 931 1978 perpetuo
958 1879 1228 1978 possidendum
1260 1901 1331 1978 per
1362 1903 1515 1952 manum
1546 1877 1672 1954 Gebe·

158 1977 271 2057 hardi
293 1973 459 2060 Comitis
479 1907 554 2073 (tie
571 1974 779 2072 sulzbach)
811 1975 982 2050 advocati
1009 1972 1129 2050 nostri
1158 1971 1261 2076 justa
1285 1972 1494 2050 donatione
1523 1975 1670 2072 delega-

155 2099 256 2166 mus,
281 2071 537 2149 annuentibus
563 2085 603 2148 et
627 2075 840 2148 consultum
869 2069 1117 2170 prebentibus
1148 2067 1351 2173 majoribus
1382 2082 1422 2147 et
1449 2069 1671 2148 melioribus

163 2172 362 2270 utriusque
389 2167 629 2268 professionis
658 2173 749 2244 cleri
777 2180 816 2245 et
850 2169 982 2268 populi
1012 2171 1170 2246 ecclesie
1198 2181 1328 2244 nostre
1358 2165 1543 2244 fidelibus.
1588 2169 1670 2270 xNe

155 2281 256 2348 'vero
282 2265 502 2342 labentibus
521 2265 755 2366 temporibus
782 2263 966 2341 memoria
986 2267 1183 2340 hominum
1204 2267 1316 2340 simul
1346 2277 1385 2341 et
1411 2275 1453 2339 tn
1473 2264 1549 2340 boo
1573 2263 1672 2342 taba-

164 2381 236 2460 tur‚
261 2365 313 2437 ad
331 2359 607 2442 confirmandas
624 2361 816 2438 modernis
834 2361 1037 2476 suturIsqus
1053 2365 1186 2439 seculis
1206 2359 1314 2456 hmoi
1331 2359 1561 2454 traditiones,
1587 2385 1671 2461 pre·

163 2475 314 2540 sentem
342 2459 518 2564 paginam
545 2457 637 2538 inde
665 2457 854 2536 conscribi
885 2471 924 2536 et
947 2457 1068 2556 sigilii
1090 2458 1210 2537 nostri
1228 2469 1472 2558 impressione
1501 2457 1671 2556 insigniti

158 2559 351 2668 jussimus,
384 2574 429 2631 ut
452 2555 565 2656 siquis
590 2558 689 2632 hanc
715 2555 1157 2631 nostramdonationem
1189 2575 1228 2631 et
1252 2554 1584 2632 confirmationem
1607 2557 1671 2630 ali-

164 2687 244 2762 quo
266 2653 384 2729 modo
406 2651 610 2750 infringere
631 2655 693 2729 vel
717 2671 923 2728 concutere
946 2663 986 2726 in
1001 2659 1195 2753 postemm
1215 2651 1494 2766 presumpserit,
1519 2651 1670 2728 noverit

163 2781 203 2834 se
227 2751 348 2829 banni
369 2758 491 2826 nostri
515 2753 669 2846 vinculo
695 2748 929 2840 innodatum,
957 2762 995 2824 et
1018 2761 1198 2849 tanquam
1218 2775 1430 2844 invasorem
1449 2747 1672 2846 sacrilegum

164 2852 291 2950 gladio
313 2845 472 2948 spiritus,
498 2847 603 2946 quod
626 2865 682 2922 est
703 2846 867 2923 ¹uerbum
895 2843 968 2939 dei,
993 2872 1110 2922 a--cor
1136 2872 1205 2923 ore
1229 2845 1400 2924 Ecclesie
1423 2859 1672 2946 amputatum

166 2943 294 3050 Hujus
330 2955 386 3020 rei
422 2954 548 3021 testes„
572 2957 673 3036 sunt,
765 2943 779 3018 i
816 2941 907 3032 huic
946 2872 1172 3034 concambio
1206 2943 1476 3035 imminerunt,
1513 2941 1671 3018 Clerici:

165 3045 407 3140 Wemberus
438 3041 669 3142 prepositus,
738 3041 928 3116 hunradtrs
954 3041 1247 3134 Vicedomr'nus,
1286 3043 1424 3115 Chuno
1450 3043 1498 3120 de
1519 3038 1672 3114 Raiten·
1762 3053 1767 3083 ²

103 3205 107 3210 .
164 3141 281 3233 buch,
308 3139 521 3235 Heinricus,
553 3140 806 3232 Hermennus,
841 3138 1102 3229 Chadelhooh,
1134 3139 1278 3231 Bruno,
1305 3139 1493 3232 Rudege‘r.
1549 3135 1671 3210 Laicis

166 3237 343 3314 Marchio
371 3237 419 3310 de
440 3233 637 3328 Craiburlt,
665 3237 762 3313 Otto
783 3235 922 3310 Comes
942 3237 991 3311 de
1008 3233 1280 3330 Steveningen,
1305 3227 1444 3309 Ernest
1466 3229 1606 3308 Comes
1632 3241 1672 3309 et

121 3347 127 3362 “
166 3333 285 3410 frater
307 3323 386 3410 eius
406 3331 619 3408 Fridericus
646 3333 693 3406 de
717 3319 969 3422 Hohenburir‚
997 3324 1199 3408 Heinricus
1224 3333 1273 3407 de
1296 3327 1508 3420 Altendori
1534 3330 1672 3426 Engel·
1756 3401 1763 3409 ,
1798 3337 1804 3356 “

166 3431 298 3507 bertus
321 3433 370 3506 de
390 3429 739 3539 Schoneheringem
772 3427 1008 3504 Wernherus
1033 3431 1082 3505 de
1107 3427 1333 3519 Giebestort',
1368 3427 1596 3502 Adeibertus
1622 3430 1670 3504 de
1794 3433 1797 3438 '

155 3529 381 3626 ‚ottingeri
405 3525 518 3602 Nirno
539 3527 588 3600 de
603 3524 861 3615 Rattenbuch,
879 3523 1075 3620 ‘Dietricus
1101 3527 1151 3600 de
1170 3524 1407 3616 Hasinaclien
1433 3523 1671 3606 Wernberus

169 3627 218 3704 de
238 3627 434 3722 Eritngen,
448 3622 700 3718 ¹Eberhardus
725 3623 773 3697 de
796 3621 1079 3730 Geltolvingen‚
1103 3618 1286 3698 Udalrich
1304 3618 1497 3719 Kergelin.

268 3755 366 3829 Acta
396 3736 483 3827 sunt
510 3751 583 3826 bec
614 3777 716 3824 anno
743 3748 890 3825 domini
914 3746 1015 3827 1162.
1064 3747 1281 3829 indictione
1301 3749 1460 3844 decima,
1485 3761 1672 3847 regnante

170 3849 415 3928 invictissimo
440 3851 701 3925 Romanorum
724 3846 953 3946 imperatore
975 3847 1178 3943 Frtderioo,
1209 3849 1291 3950 ipso
1319 3873 1421 3944 anno
1447 3843 1671 3928 destructio.-

170 3947 229 4024 nis
250 3947 474 4041 Mediolani,
498 3944 704 4025 undecimo
732 3967 832 4020 anno
857 3943 964 4039 regni
991 3942 1060 4020 sui
1141 4015 1154 4040 ,
1274 4025 1277 4036 ,

614 4103 699 4171 Cum
721 4103 836 4190 Sigitto
857 4104 923 4192 Epi
943 4103 1036 4170 intus
1051 4105 1237 4194 impressos

739 4269 1134 4301 Μ
