3616 4850
776 230 1080 340 'mam

241 536 247 542 ,
442 403 454 481 Ῑ
516 433 636 570 Num.
660 437 710 522 X.
762 453 845 551 794,
871 467 916 520 aa
941 439 1053 524 Febr.
1110 439 1173 524 Ex
1193 442 1431 547 originalis·⁴
1503 483 1512 491 ·

191 590 297 669 Caroli
315 599 359 664 bl·
380 599 547 678 Diploma,
574 617 638 677 quo
658 599 850 662 Monasterio
870 597 899 660 S·
917 598 1104 660 Emmerami
1126 599 1278 678 quaedam
1297 607 1388 678 prata
1409 596 1530 668 coulert
1545 606 1700 694 cautique.
1741 653 1745 658 -
1796 581 1800 588 ’

291 723 451 812 Carolus
480 719 609 800 Gratia
627 715 702 798 D'ei
723 721 807 800 Rex
828 719 1062 800 Francorum
1095 732 1136 800 ct
1156 705 1495 819 Langobardorum
1522 741 1562 807 et
1584 713 1701 810 Patri.
1748 699 1766 742 ⁸

188 823 272 903 cius
294 821 567 898 Romanorum.
618 819 821 994 qpidquid
846 819 950 896 enim
979 819 1030 896 oh
1057 844 1228 896 amorem
1248 820 1325 895 Dei
1350 823 1444 898 locis
1468 823 1697 906 Sanctorum

190 917 649 1016 venerabiliumhencvo
714 916 990 1018 deliberatione
1020 916 1209 1011 cedimus,
1233 919 1297 1001 nel
1318 919 1703 1016 condonamus,·h00

82 1040 87 1050 “
188 1017 303 1100 nobis
317 1017 366 1093 ad
381 1015 601 1096 mercedem
614 1013 775 1110 animae,
789 1037 857 1092 seu
880 1013 1126 1090 stabilitatem
1141 1013 1265 1111 Regni
1278 1015 1398 1091 nostri
1412 1018 1607 1116 pertinere
1622 1049 1702 1101 cre·

30 1187 34 1198 .
84 1129 87 1137 '
190 1115 327 1193 dimus.
377 1113 498 1212 Igitur
515 1125 654 1188 uotum
675 1111 724 1188 sit
749 1109 1124 1189 omnibus'fidelibus
1147 1109 1295 1205 nostris,
1318 1115 1583 1212 praesentibus
1600 1120 1702 1198 scili·

152 1221 160 1236 ”
192 1227 256 1290 cet
277 1225 317 1290 et
337 1209 495 1302 futuris,
520 1208 685 1312 qualiter
707 1235 780 1286 nos
806 1222 966 1311 propter
983 1233 1128 1286 nomen
1155 1207 1333 1302 Domini,
1360 1221 1399 1285 et
1422 1223 1617 1301 aeternam
1640 1241 1701 1294 re·

191 1307 520 1400 munerationem,
560 1332 628 1385 seu
658 1332 737 1407 pro
762 1303 1052 1409 opportunitate
1085 1305 1291 1386 Servorum
1323 1307 1400 1382 Dei
1435 1309 1621 1388 donamus
1650 1317 1701 1394 ad

190 1404 419 1499 Ecclesiam,
445 1415 621 1519 quaeest
642 1413 863 1482 constructa
896 1403 936 1477 iri
961 1403 1112 1508 bonore
1141 1401 1301 1510 Domini
1323 1405 1447 1482 nostri
1472 1407 1492 1482 J
1497 1431 1563 1484 esu
1593 1408 1701 1488 Chri·
1727 1421 1736 1440 ’·

190 1503 257 1594 sti,
284 1518 324 1580 et
343 1503 472 1578 sancn
493 1499 758 1579 Hemmerami
777 1497 990 1592 Pontificis,
1016 1511 1057 1576 et
1074 1499 1252 1605 Martyris
1272 1514 1385 1601 Juxta
1410 1529 1539 1580 muros
1562 1506 1699 1596 Civita-

160 1631 175 1660 ν
190 1600 242 1677 tis
261 1609 412 1677 nostrae
432 1597 866 1697 Reganesburgensium,
883 1625 961 1700 quo
981 1595 1191 1698 pretiosum
1209 1594 1290 1699 ejus
1309 1597 1515 1698 requiescit
1532 1599 1692 1702 Corpus,

189 1697 261 1806 ubi
287 1711 344 1774 est
364 1695 621 1793 Congregatio
644 1709 775 1772 sancta
794 1696 1093 1791 Monachorum,
1117 1689 1383 1797 donatumque
1402 1696 1445 1774 in
1464 1709 1693 1798 perpetuum

190 1795 429 1871 adeundam
453 1807 627 1868 sanctum
647 1795 781 1890 locum
805 1816 886 1870 esse
911 1793 1089 1869 volumus
1102 1819 1113 1887 ;
1148 1791 1189 1867 id
1221 1805 1299 1868 est:
1332 1796 1479 1894 aparte·
1489 1793 1702 1874 meridiana·

190 1890 307 2004 ipsius
327 1887 551 1966 Monasterii
576 1903 717 1966 terram
743 1889 886 1966 cultam
916 1900 955 1965 et
1045 1893 1186 1982 ultam;
1204 1925 1209 1932 ·
1214 1885 1351 1992 jugera
1376 1891 1559 1985 ducenta,
1595 1915 1699 1970 sena·

256 2001 295 2064 ta
314 1999 354 2066 et
375 2012 453 2080 sex,
480 1997 520 2062 et
541 1987 589 2064 de
613 2000 721 2086 prato
741 1986 783 2064 in
806 1999 935 2084 totum
947 1983 992 2088 ju
1020 2001 1059 2060 ta
1077 1987 1244 2079 iontem,
1270 1983 1377 2089 cujus
1395 1989 1626 2064 vocabulum
1640 1999 1700 2070 esa
1725 1986 1729 1994 ¹

190 2014 389 2180 bivarius,
429 2081 499 2160 ubi
519 2095 653 2197 potest
681 2084 862 2182 colligere
893 2084 1052 2161 foenum
1084 2081 1264 2160 Carradas
1295 2084 1567 2186 quinquaginta
1595 2099 1701 2166 octos

189 2182 260 2260 Est
284 2195 413 2258 autem
433 2193 596 2281 spanum
622 2179 872 2278 longitudinis
894 2182 942 2258 de
967 2205 1155 2284 sepegyro
1180 2182 1297 2280 ipsius
1325 2181 1549 2259 Monasterii
1573 2185 1700 2284 posita

166 2293 313 2380 'usque
331 2281 379 2356 ad
405 2277 531 2379 ipsum
549 2279 696 2354 lentem
716 2277 879 2379 perticas
904 2275 1038 2355 decem
1062 2279 1178 2378 pedae
1249 2277 1441 2378 adraginta
1461 2279 1550 2356 ΧΠ.
1583 2291 1622 2358 ct
1647 2284 1700 2361 de

190 2375 275 2478 ipso
296 2377 405 2454 sonte
427 2401 576 2452 sursum
598 2375 642 2451 in
663 2387 798 2452 monte
807 2373 979 2484 perticas
1001 2389 1159 2468 centurn
1172 2307 1254 2454 l&
1279 2389 1318 2453 et
1338 2391 1499 2478 septem,
1525 2391 1566 2455 et
1587 2405 1699 2481 supra

151 2475 164 2502 ⁹
190 2476 274 2576 ipso
294 2474 402 2552 fonte
422 2473 541 2551 habet
562 2472 604 2550 in
619 2471 822 2550 latitudine
842 2475 891 2550 de
911 2473 974 2552 via
990 2473 1144 2576 publica
1165 2497 1287 2587 usque
1309 2477 1357 2549 ad
1374 2475 1485 2551 aliam
1504 2475 1699 2577 publicam
1800 2569 1802 2574 ,

96 2601 103 2611 ·
139 2595 147 2608 ¹
189 2571 352 2674 perticas
367 2585 523 2648 centum
543 2570 836 2686 quinquaginta,
864 2571 966 2648 etin
984 2571 1114 2647 medio
1138 2585 1262 2671 spatio
1288 2572 1335 2648 de
1360 2573 1439 2674 ipsa
1463 2573 1522 2654 via
1544 2573 1699 2673 publica

188 2693 313 2770 usque
335 2669 383 2744 ad
403 2670 514 2744 aliam
535 2695 655 2762 vmm,
680 2667 833 2746 noviter
854 2668 1002 2764 factam,
1026 2667 1188 2769 pemicas
1210 2683 1365 2744 centum
1387 2670 1458 2746 XL
1470 2699 1482 2766 3
1509 2667 1698 2776 juxta'se‘·

219 2791 282 2844 em
301 2765 396 2845 verb
417 2765 662 2874 Monasterii,
686 2764 1000 2842 utitatissimum
1024 2778 1098 2860 est,
1129 2765 1292 2868 perticas
1313 2765 1512 2861 ducentas,
1538 2781 1695 2868 septem.

188 2791 299 2944 ilaec
320 2876 449 2940 autem
469 2863 607 2955 omnia,
631 2862 804 2964 superius
829 2864 1103 2964 comprehensa
1128 2875 1168 2939 ct
1190 2863 1394 2960 designata,
1425 2869 1522 2944 salva
1549 2861 1694 2968 justitia

124 2973 133 2990 ⁸
188 2974 425 3041 caeterarum
449 2961 704 3038 Ecclesiarum
728 2959 823 3054 Dei,
856 2959 969 3035 sicuti
993 2972 1123 3038 nostra
1148 2960 1304 3036 videtur
1327 2986 1406 3038 csse
1426 2963 1608 3064 possessio
1632 2961 1697 3042 vel

190 3059 360 3154 daumio,
392 3059 441 3134 ad
459 3055 541 3162 jam
565 3060 705 3156 dictam
726 3083 850 3137 casam
869 3058 949 3134 Dei
973 3059 1197 3159 profutura
1223 3059 1343 3134 salute
1368 3057 1518 3160 plenius
1546 3085 1698 3138 conces·

185 3157 294 3254 aisse,
321 3170 360 3235 et
381 3157 422 3232 in
440 3155 617 3232 omnibus
637 3153 878 3233 confirmasse
897 3155 1130 3251 cognoscite.
1178 3155 1307 3232 Praeci
1336 3153 1457 3238 ientes
1479 3181 1569 3253 ergo
1585 3153 1697 3260 jube·

189 3278 292 3348 mus,
322 3268 368 3330 ut
393 3254 633 3330 Adaluuinus
660 3253 891 3355 Episcopus,
923 3253 1069 3330 Rector
1093 3248 1264 3354 ejusdem
1327 3253 1527 3352 enobii,*)
1559 3253 1696 3354 suique
1786 3323 1795 3332 .

189 3375 434 3444 successores,
459 3353 526 3452 qui
549 3350 691 3431 nerins
714 3351 899 3446 Rectores
922 3349 1107 3426 antedicti
1121 3348 1342 3426 Monasterii
1361 3351 1398 3430 S.
1420 3351 1697 3444 Hemmerami,

189 3455 255 3531 vel
288 3450 472 3528 Monachi
503 3449 600 3526 inibi
638 3448 710 3528 sub
744 3458 877 3524 sancto
916 3446 1052 3525 ordine
1090 3446 1338 3526 comistentes
1372 3473 1483 3549 supra
1516 3449 1697 3548 scriptam

190 3563 332 3628 terram
356 3557 395 3624 et
410 3558 519 3648 prata
543 3569 614 3646 per
631 3551 720 3626 loca
741 3557 782 3624 ct
809 3539 977 3622 confinia
1001 3543 1196 3643 designata
1213 3544 1393 3650 deinceps
1413 3568 1484 3644 per
1504 3543 1604 3622 hanc
1625 3571 1696 3620 no-

124 3651 128 3660 “
191 3660 305 3723 stram
329 3645 614 3737 auctoritatem,
639 3657 676 3720 at
733 3669 755 3721 e
785 3638 1116 3722 confirmationem
1135 3643 1367 3745 perennibus
1388 3640 1625 3743 temporibus
1645 3643 1696 3718 ad

190 3759 339 3847 partem
368 3765 481 3844 saepe
513 3741 636 3820 dictae
701 3739 859 3820 eclesiae
890 3751 1069 3834 teneant,
1106 3757 1224 3840 atque
1257 3738 1494 3839 possideant,
1538 3739 1613 3834 ita,
1645 3751 1692 3818 ut
1752 3763 1757 3786 ²

108 3929 115 3936 ,
166 3839 346 3942 ¹Christo
366 3839 536 3942 propitio
565 3839 608 3920 in
631 3841 873 3946 eleemosyna
894 3851 1024 3918 nostra
1044 3839 1093 3916 ad
1111 3838 1231 3939 ipsam
1255 3860 1375 3914 casam
1393 3835 1470 3920 Dei
1493 3847 1696 3940 perpetua·

228 4083 263 4172 ⁸)
292 4092 327 4150 ln
345 4089 503 4169 originali
522 4092 610 4151 loeus
636 4087 862 4162 „Adaluuinus
885 4053 986 4168 Eprio,
1013 4087 1130 4148 Rector
1154 4084 1294 4148 eiusdem
1322 4084 1483 4164 Cenabii„
1508 4063 1630 4162 eruite,
1658 4100 1695 4156 aa

307 4187 446 4265 positum
460 4185 522 4249 luit
547 4187 749 4265 „Apoloaiua
768 4189 863 4256 abbae
883 4193 919 4255 ot
939 4191 1044 4265 scelat
1065 4184 1204 4254 eiusdem
1232 4183 1402 4262 cenobii„
