3616 4850
852 84 881 142 ΑΜ

920 295 933 322 χ
1227 313 1241 328 U

783 362 859 410 se*
907 353 955 428 3ss
1003 331 1138 408 w?
1308 355 1312 362 ·

922 459 930 482 θ

169 535 332 604 tanitate
354 525 402 604 de
422 522 646 628 quibusdam
667 523 782 612 rebus
802 543 841 600 et
862 509 1057 626 mancipiis
1077 529 1331 625 nuperrimam
1346 523 1688 609 ,conmutationem

168 626 356 715 lecimus¹
404 625 484 702 Res
503 651 608 716 vero,
642 649 824 723 quasnos
847 611 1039 716 Baturico',
1069 619 1235 698 almifico
1255 623 1447 723 Episcopo
1472 625 1521 698 ad
1542 644 1687 722 partem

167 723 462 818 SAEmmerami,
488 733 659 825 martyris
683 721 831 810 Christi,
857 724 922 807 ubi
942 722 1045 814 idem
1068 721 1220 796 Praesul
1243 723 1434 796 modernis
1456 717 1687 820 temporibus
1795 787 1802 794 .

167 821 312 897 Rector
337 847 417 898 esse
432 823 604 912 uidetur,
636 824 907 920 perpetualiter
932 819 982 894 sd
1001 819 1428 920 proprium'tenendum
1457 819 1686 914 tradidimus,

166 932 307 994 suntin
327 944 422 1018 pago
442 915 735 1014 Chelasgave
760 922 911 994 tn-vtiits
934 915 1237 1017 nuncupantibus
1253 915 1687 1018 Sandolverhusnn,

168 1035 207 1094 et
231 1014 641 1108 Gundertshusun,
664 1037 780 1116 atque
807 1016 1202 1112 Mandechingo'm
1235 1015 1421 1114 quidquid
1443 1015 1688 1110 Engtlmonus

30 1146 35 1166 ¹
76 1135 97 1212 J
140 1127 144 1142 '
167 1116 413 1192 etlsandeoh
429 1140 499 1213 per
513 1117 684 1189 nostruin
699 1112 930 1190 beneficium
951 1113 1179 1208 habuerunt,
1204 1113 1331 1188 idest:
1359 1113 1555 1186 ecclesiam
1577 1109 1686 1188 unam

168 1236 258 1288 eum
275 1225 374 1304 casis,
386 1213 572 1306 domibus,
586 1224 818 1312 caeterisque
836 1207 1015 1297 aedificiis
1029 1213 1190 1310 desuper
1204 1220 1343 1310 positis,
1354 1221 1546 1310 mancipiis
1560 1209 1690 1288 utrius-
1733 1275 1737 1282 .

165 1337 240 1410 que
265 1301 376 1385 seriis
402 1309 607 1403 etaetatis,
634 1322 751 1400 terris,
783 1313 896 1399 silvis,
921 1321 1068 1408 campis,
1094 1321 1219 1408 pratis,
1254 1317 1408 1408 pascuis,
1433 1317 1548 1408 aquis,
1574 1335 1686 1408 aqua·
1803 1379 1806 1394 ,

164 1431 297 1484 rumve
325 1410 552 1500 decursibus,
583 1409 822 1498 molendinis,
855 1389 1084 1499 adiace'utiis,
1114 1409 1261 1506 perviis,
1289 1405 1453 1482 exitibus
1481 1426 1520 1480 et
1549 1432 1690 1503 regres-

165 1507 279 1597 sibus,
306 1507 528 1606 quaesitum,
556 1525 595 1581 et
620 1505 955 1604 adinquirendum,
987 1508 1050 1582 vel
1077 1523 1416 1604 quantumcunque
1439 1503 1596 1604 praelati
1621 1507 1688 1580 ho·
1718 1566 1730 1598 „

165 1605 287 1680 mines
318 1604 576 1698 Engilmonus,
602 1601 793 1693 videlicet,
827 1622 866 1678 et
893 1604 1082 1686 lsaudeoh
1112 1602 1154 1678 iu
1183 1587 1420 1712 praescriptis
1455 1598 1553 1676 villis
1583 1601 1687 1702 prius
1774 1657 1781 1674 ,

165 1729 236 1813 per
262 1717 433 1783 nostrum
462 1699 696 1776 beneficium
724 1719 944 1792 tenuerunt,
977 1721 1015 1776 et
1041 1699 1284 1802 nostrijuris,
1310 1719 1426 1798 atque
1446 1695 1715 1798 possessionis.
1765 1783 1776 1799 ,

98 1804 112 1844 ⁴
160 1825 250 1904 Jure
276 1799 518 1899 proprietatis
543 1812 612 1891 est,
645 1811 770 1878 totum
797 1809 837 1874 et
863 1797 1056 1893 integrum
1082 1799 1225 1874 Sancto
1246 1799 1501 1892 Erumeramo,
1529 1796 1684 1898 martyri
1800 1851 1806 1868 ,

103 1925 112 1936 ‘
169 1897 321 1990 Christi,
347 1901 395 1970 ad
419 1896 614 2010 proprium
639 1895 913 1986 concessimus,
928 1916 967 1970 et
987 1896 1035 1972 de
1057 1916 1188 1972 nostro
1206 1891 1292 1997 jure
1317 1891 1436 1995 injus
1460 1909 1498 1992 et
1521 1893 1689 1971 domina·
1803 1909 1806 1918 '

71 2061 80 2070 .
167 1997 315 2074 tionem
363 1998 478 2093 ipsius
517 1993 739 2068 Monasterii
782 1992 1017 2072 liberalitatis
1056 2009 1207 2068 nostrae
1243 2017 1403 2068 munere
1445 1993 1688 2067 corrodimus.

166 2095 217 2171 Et
245 2104 401 2168 econtr‘a
430 2093 472 2166 in
498 2090 850 2192 compensationem
880 2094 1012 2170 harum
1035 2115 1163 2165 rerum
1191 2091 1297 2165 dedit
1326 2089 1439 2164 nobis
1458 2105 1691 2166 memoratus
1755 2153 1766 2166 .

165 2191 367 2270 Batuticus
387 2190 599 2290 Episcopus
612 2215 667 2270 ‚ex
691 2190 840 2267 ratione
863 2187 1087 2264 Monasterii
1108 2189 1179 2282 sui,
1204 2187 1335 2263 Sancti
1354 2186 1587 2276 Emmerami
1612 2183 1689 2264 und
1739 2179 1747 2194 ‘

165 2291 255 2366 curn
297 2315 484 2364 consensu
512 2309 550 2363 et
577 2287 796 2370 cohibentia
819 2287 1100 2360 Monachorum
1118 2287 1176 2384 ,in
1197 2290 1338 2365 eodem
1359 2283 1594 2382 Monastcrio
1619 2285 1687 2361 de·

165 2387 388 2483 degentium
427 2387 476 2460 ad
512 2399 685 2460 nostrum
719 2383 1219 2484 propriumpossidendum
1251 2386 1431 2484 quasdam
1455 2379 1690 2488 tes,.,perti-

164 2499 301 2572 nentes
321 2489 369 2568 ad
394 2481 516 2586 ipsum
543 2481 833 2572 Monasterium,
868 2508 968 2582 quae
995 2504 1083 2558 sunt
1112 2483 1153 2558 in
1176 2503 1273 2583 pago
1302 2480 1452 2556 Huosi
1470 2482 1504 2578 *)
1538 2481 1578 2556 in
1600 2482 1688 2564 viiia
1744 2575 1746 2582 Ι

141 2667 143 2674 ⁴
164 2594 411 2682 nuncupante
432 2579 672 2673 Solzimos,
724 2579 882 2680 uicquid
903 2581 971 2655 ille
988 2578 1133 2656 ibidem
1153 2583 1296 2656 habere
1316 2579 1530 2672 videbatur,
1555 2579 1594 2655 iil
1619 2589 1689 2668 est,
1742 2649 1743 2654 ,

80 2697 92 2720 “
166 2681 433 2771 ecclesiauna,
460 2703 548 2754 cum
569 2678 672 2770 casis,
696 2609 873 2754 domibus
893 2677 1127 2778 caeterisque
1151 2675 1332 2754 aedificiis
1358 2680 1521 2777 desuper
1545 2676 1689 2788 positis,

163 2777 362 2877 mancipiis
387 2776 587 2876 utriusque
612 2803 722 2852 sexus
741 2775 790 2851 'et
814 2774 956 2868 aetatis,
981 2777 1101 2869 terris,
1133 2775 1245 2870 silvis,
1278 2774 1434 2874 campis,
1464 2789 1579 2874 pratis
1607 2799 1688 2872 pas·
1753 2825 1757 2834 ·

58 2917 86 2942 a
148 2875 257 2966 cuis,
300 2875 418 2974 aquis,
460 2899 690 2974 aquarumve
718 2873 950 2964 decursibus,
982 2873 1223 2962 molendinis,
1263 2871 1498 2964 adiacentiis,
1536 2867 1687 2972 perviis,

72 3016 92 3055 1.
168 2969 331 3050 exitibus
353 2973 648 3070 etregressibus,
675 2969 887 3072 quaesitum
909 2983 948 3046 et
970 2969 1300 3083 adinquirendum,
1324 2972 1387 3046 vel
1406 2983 1690 3067 quantumcun-

165 3093 242 3170 que
265 3085 496 3160 memcratus
511 3069 711 3148 Batun'cus
730 3068 803 3168 Ep.
824 3067 866 3144 in
891 3070 1025 3148 eadem
1050 3073 1137 3143 villa
1157 3069 1300 3142 hahere
1321 3066 1533 3158 videbatur,
1558 3080 1688 3150 totum
1805 3101 1806 3106 ¹

165 3183 206 3244 et
233 3170 281 3242 ad
302 3168 494 3264 integrum
521 3168 561 3242 in
585 3178 785 3268 potestate,
810 3193 855 3240 ac
881 3165 1143 3244 dominatione
1169 3179 1298 3240 nostra
1323 3165 1534 3240 tenendum
1561 3163 1602 3237 in
1622 3165 1687 3238 dn·

57 3281 60 3292 ·
105 3300 109 3320 ·
164 3278 295 3352 turum
319 3267 493 3362 legaliter
515 3265 688 3358 tradidit,
727 3278 844 3362 atque
875 3265 1074 3362 delegarit.
1135 3263 1216 3340 Sed
1240 3289 1310 3361 pro
1338 3259 1485 3359 integra
1505 3261 1688 3338 firmitate

41 3427 46 3434 .
164 3390 209 3438 ac
230 3361 439 3460 securitatis
460 3365 585 3439 studio
613 3363 754 3464 placuit
778 3360 982 3439 Serenitati
1007 3373 1157 3437 nostrae
1186 3363 1337 3436 easdem
1364 3361 1689 3438 commutationes
1711 3355 1739 3452 ’-

53 3533 58 3556 ,
112 3509 117 3520 =
163 3485 234 3562 per
255 3461 428 3536 nostrum
450 3462 748 3538 mansuetndinis
772 3475 1020 3560 praeceptum
1039 3458 1207 3558 pleniter
1232 3457 1470 3534 confirmare.
1524 3459 1685 3556 Propte-

162 3583 226 3634 rea
255 3559 321 3634 has
347 3556 491 3634 litteras
510 3573 653 3633 nostras
683 3555 766 3634 ficri
788 3555 978 3660 jussimus,
1009 3582 1079 3657 per
1103 3583 1196 3657 quas
1217 3553 1469 3646 decernimus,
1494 3575 1609 3653 atque
1628 3549 1688 3654 ju·

162 3654 315 3746 bemus3
347 3669 392 3730 ut
420 3654 607 3756 quidquid
639 3683 709 3730 nos
734 3657 782 3731 ad
819 3652 1067 3731 'am'dictum
1091 3657 1222 3737 locum
1250 3665 1421 3726 sanctum
1449 3652 1686 3746 tradidimus,

162 3753 436 3855 perpetualiter
458 3773 678 3852 permaneat
729 3683 983 3844 ossidendum,
1008 3774 1124 3868 atque
1140 3757 1320 3828 nectores
1338 3761 1387 3856 ‘et
1405 3749 1566 3826 ministri
1588 3745 1686 3851 ejus·
1732 3789 1742 3802 =

163 3855 253 3950 dem
273 3851 509 3952 Monasterii,
535 3783 727 3952 quicquid
745 3851 884 3932 exinde
909 3853 957 3928 ab
978 3854 1167 3928 hodierno
1198 3848 1262 3923 die
1287 3859 1326 3924 et
1350 3861 1525 3950 tempore
1547 3845 1686 3942 lacere,
1710 3894 1712 3905 ·

571 4055 766 4073 Ἥ

202 4149 236 4229 *ὶ
258 4153 360 4216 siunt
383 4169 476 4229 pagus
497 4155 634 4214 Ducatus
663 4153 813 4215 Barariae
839 4154 917 4214 situs
937 4151 978 4213 ad
999 4151 1166 4216 Gloriam
1187 4153 1261 4214 fluv·
1291 4153 1346 4234 qui
1374 4151 1457 4214 baud
1486 4109 1595 4234 pretist
1617 4148 1689 4216 ert,-

84 4331 89 4339 ,
174 4257 209 4314 .’
241 4259 328 4342 tingi
348 4259 382 4318 in
398 4261 577 4348 Animarum
598 4249 713 4320 inlinit
755 4259 899 4350 Chroqic.
921 4259 1131 4339 Gottwiceme
1150 4267 1242 4340 parte
1257 4259 1296 4324 11·
1309 4251 1469 4338 papum.
