3710 4838
751 243 950 324 mssa
998 177 1072 304 ω’
1159 279 1169 320 «,
1254 271 1256 280 ·

30 401 32 406 ,
154 423 225 506 sita
245 433 303 504 est
327 422 369 500 in
392 413 665 516 Scirclring,
693 413 735 494 in
762 441 838 522 que
860 397 1002 494 residet
1020 381 1245 518 Liupoldus,
1276 361 1474 495 annuatim
1500 417 1671 498 vendidit
1691 432 1710 498 ’,

57 569 60 576 v
137 541 197 604 -et
226 521 390 604 contulit
426 518 541 597 titulo
572 517 712 594 feodali
740 516 863 596 sorori
890 505 1077 614 Heilwigi
1114 515 1217 594 dicte
1248 515 1297 592 de
1316 515 1574 610 Stvamenvelt
1604 545 1671 622 ppo

51 609 62 622 ’
108 709 110 714 .
157 647 204 704 to
228 637 271 699 tt.
304 623 431 701 denar.
459 615 543 692 Rat.
578 614 804 716 simpliciter
835 629 874 692 et
901 612 1047 718 precise
1071 612 1114 692 in
1142 612 1351 722 Rptispone
1378 615 1587 711 solvendas,
1620 613 1673 697 ita
1710 684 1716 697 ,
1823 605 1824 616 ¹

72 799 76 806 ,
154 735 304 814 temen,
337 715 500 821 quodsi
530 712 639 811 siligo
676 739 725 790 ex
753 712 884 816 aliquo
913 710 1123 790 infortunio
1150 713 1283 790 haberi
1313 738 1395 790 non
1420 714 1575 816 poterit,
1607 741 1674 816 per
1813 745 1815 754 ·

154 821 249 900 elios
272 819 415 896 smctus
437 811 553 892 Curie
577 814 625 889 sd
651 813 809 912 plenum
832 823 1065 927 restapretur
1089 811 1166 889 hoc
1190 809 1358 928 pdie'eto',
1384 815 1492 914 quod
1510 813 1629 922 sicul

65 984 71 991 .
151 933 219 995 sua
244 921 306 995 vel
337 918 608 990 Successomm
644 937 801 987 suorum
836 913 982 1012 aliquid
1018 912 1070 988 do
1097 913 1277 1011 predictis
1310 914 1485 1014 deperire
1521 915 1585 990 vel

147 1015 315 1094 fraudari
339 1011 553 1110 contigerit,
578 1009 659 1110 ipse
685 1014 747 1086 vel
768 1009 1012 1106 successores
1035 1008 1094 1084 sui
1119 1009 1174 1112 de.
1196 1007 1278 1086 aliis
1299 1007 1604 1110 possessionibus
1619 1034 1675 1090 re·
1793 1029 1803 1043 ‘

150 1130 319 1192 staurare
345 1124 563 1202 teneantur,
585 1109 663 1184 hoc
693 1107 809 1186 etiam
832 1109 876 1188 in
902 1131 1041 1209 penam
1067 1135 1149 1186 non
1175 1108 1478 1210 persolventium
1508 1103 1672 1212 adjecto,

48 1229 51 1236 '
120 1231 122 1236 ’
153 1235 388 1324 quocunqpe
416 1233 521 1322 armo
546 1203 734 1380 predictas
765 1222 843 1284 tres
868 1207 1023 1320 spaphas
1043 1219 1133 1286 ante
1159 1206 1301 1284 festum
1322 1205 1562 1312 Myehalrelis
1592 1233 1674 1284 non

149 1313 420 1418 persolverint,
451 1331 524 1395 nist

149 1433 227 1513 que
252 1405 397 1482 dicitur
418 1403 614 1480 Ainsetz
646 1400 688 1478 in
713 1419 860 1496 monte,
897 1403 966 1518 qui
995 1401 1131 1478 dicitur
1157 1403 1411 1504 Harperch
1442 1403 1490 1478 sb
1518 1401 1605 1509 ipso
1631 1416 1678 1482 u-

149 1509 235 1582 tulo
261 1503 402 1590 seodili
432 1499 606 1579 absolute
629 1499 875 1602 possideatur,
905 1499 1135 1616 interposito
1156 1500 1202 1576 in
1219 1500 1460 1580 Venditionc
1477 1501 1596 1578 vlunoi
1620 1499 1675 1578 ni·
1719 1571 1727 1580 .

150 1602 381 1698 chilominns
402 1599 469 1676 tali
491 1613 616 1702 parto,
640 1600 744 1701 quod
769 1599 850 1702 ipse
874 1599 1090 1676 Friderrcus
1113 1599 1178 1678 vel
1196 1602 1308 1678 heres
1333 1625 1430 1693 sum,
1456 1611 1685 1712 quicunque.

571 1303 729 1401 egitimo
758 1304 1038 1406 impedimento
1064 1303 1260 1404 impediti,
1293 1305 1342 1382 de
1373 1317 1504 1384 cetero
1530 1304 1672 1420 Vinea,
1812 1385 1814 1398 ,

148 1701 223 1780 sibi
250 1698 482 1793 successerit,
513 1695 665 1791 habeat,
697 1711 901 1799 postquam
927 1697 1032 1774 dicta
1052 1699 1171 1774 Soror
1198 1699 1343 1774 fructus
1373 1698 1559 1800 presentis
1583 1723 1677 1777 anm
1822 1725 1824 1740 ·

146 1797 377 1904 perceperit,
402 1795 451 1874 ab
478 1806 561 1896 ipss¹
581 1796 779 1874 reemendi
812 1815 882 1898 pro
912 1817 956 1871 vo
977 1798 1021 1872 tt.
1048 1797 1176 1873 denar.
1202 1797 1285 1872 nat.
1311 1799 1464 1874 easdem
1493 1811 1569 1878 tres
1600 1821 1677 1873 sea·

148 1899 254 2002 phos,
279 1895 590 1998 quandocunque
614 1895 793 2010 voluerit,
817 1906 1151 2010 potestatem,·seu
1172 1891 1288 2007 etiam
1307 1894 1356 1970 db
1380 1919 1429 1971 eo
1454 1897 1517 1971 vel
1535 1895 1587 1972 ab
1612 1894 1677 1985 eis,
1814 1967 1817 1978 ,

150 1997 229 2074 eui.
244 1997 379 2072 eadem
412 2016 520 2070 soror
549 2016 611 2069 eas
634 1991 850 2070 venundent
881 1993 944 2070 vel
977 1995 1202 2079 alienaverit
1234 2017 1302 2068 seu
1324 1991 1485 2070 duxerit
1523 2005 1607 2069 tam
1636 1993 1678 2070 iu
1821 2059 1824 2082 ,

131 2097 239 2186 vita,
270 2119 384 2194 pram
404 2089 448 2170 in
473 2103 599 2166 morte
625 2091 860 2183 ordinandas,
893 2091 1135 2192 quodetiam
1159 2089 1322 2170 faciendi
1353 2090 1457 2168 dicta
1480 2117 1593 2167 soror
1614 2093 1678 2167 ha·
1757 2122 1762 2136 ·

148 2191 436 2270 bebitliberam
456 2188 685 2283 facultatem,
710 2213 786 2265 nec
804 2202 1025 2290 prenotatur
1050 2187 1151 2264 Frid.
1174 2188 1251 2264 hoc
1269 2189 1412 2289 poterit
1433 2188 1679 2305 aliquatenus
1818 2203 1821 2212 ’

122 2379 126 2382 ,
149 2288 349 2398 impedire.
381 2288 448 2401 'ln
467 2281 573 2390 cujus
594 2287 658 2402 rei
674 2284 934 2362 testimonium
954 2306 1172 2400 presentem
1191 2287 1358 2400 litterpm
1383 2285 1506 2384 Sigillr
1529 2313 1595 2372 nrr
1617 2313 1679 2403 fo-

149 2387 246 2504 licre
266 2391 409 2489 placuit
430 2409 671 2462 communiri.
717 2384 861 2462 ,Actum
883 2383 1092 2489 Reuspope
1116 2407 1220 2468 anno
1241 2386 1310 2470 dm
1332 2409 1435 2484 rupo.
1460 2383 1678 2472 Domiruco

30 2531 34 2544 ·
149 2487 247 2568 tulta
271 2503 446 2567 octavam
469 2479 697 2588 epiphanie.
775 2511 778 2522 ·

612 2643 770 2735 Sigillum
790 2645 857 2732 Epi
877 2644 1004 2710 laesum
1026 2647 1203 2732 adpendet.

344 3029 351 3040 ,
399 2949 518 3029 Num.
544 2945 726 3028 nxsru.
779 2907 883 3052 i270.
910 2972 967 3027 ια.
993 2929 1077 3032 nl.
1127 2951 1194 3062 ,ur¹
1215 2947 1416 3050 originis.

211 3129 274 3218 μα
303 3129 385 3206 Epus
414 3127 575 3189 Rstisbon·
614 3099 728 3203 recipit
753 3085 866 3187 fratres
893 3095 1022 3188 Ordinis
1050 3127 1150 3200 tancti
1180 3093 1349 3208 Augustini
1373 3127 1409 3190 iu
1439 3096 1615 3192 Civitatem

775 3232 1043 3293 Retisboneurern.

210 3405 218 3423 ·
250 3379 330 3454 Nos
351 3377 451 3454 Leo
476 3374 720 3456 miseratione
751 3364 877 3454 divina
896 3379 1013 3482 Epus,
1038 3377 1267 3482 Altrnannus
1287 3375 1511 3492 prepositus,
1535 3377 1674 3455 Alhar·

149 3477 218 3556 dus
252 3479 417 3554 decanus
449 3501 536 3552 cum
576 3475 821 3556 universitate
858 3483 981 3555 tocius
1012 3477 1176 3578 Capituli
1211 3477 1459 3577 Ratssponen.
1493 3475 1672 3552 Ecclesie

51 3569 65 3582 “
151 3589 309 3653 cunctos
341 3573 536 3677 presencia
557 3574 800 3678 'inspecturos
829 3579 1004 3656 volumus
1035 3579 1273 3668 iocinere,
1308 3575 1412 3675 quod
1444 3573 1495 3649 ob
1522 3573 1590 3650 dei
1614 3597 1673 3648 re-

150 3673 366 3752 verenciam
396 3699 441 3750 ac
467 3673 687 3749 devocionis
715 3688 966 3772 augmentum
996 3673 1126 3751 fratres
1155 3672 1357 3752 heremitas
1388 3671 1532 3747 ordinis
1562 3666 1673 3750 besti

148 3770 355 3868 Augustini
381 3773 429 3847 ad
456 3770 851 3870 nostram-(divitatem
881 3786 921 3850 et
950 3775 1140 3869 dyocesim
1163 3799 1233 3874 pro
1257 3767 1346 3847 filiis
1372 3764 1602 3873 specialibus
1628 3766 1672 3843 li·

148 3867 339 3961 beruliter,
365 3883 407 3945 ut
435 3866 559 3962 decet,
591 3871 816 3971 recepimus,
847 3874 1080 3972 eosdemque
1110 3885 1236 3947 nostra
1261 3868 1386 3968 gracia
1411 3861 1672 3970 compassibili
1771 3873 1779 3890 '

149 3971 436 4066 amplectentes,
463 3965 518 4044 Ca
547 3967 658 4045 ellam
682 3969 829 4045 domini
853 3969 975 4046 nostri
998 3971 1072 4044 lhu
1090 3971 1167 4070 Xpi
1187 3969 1228 4044 in
1248 3987 1370 4140 ponte
1389 3967 1498 4044 sitam
1518 3965 1671 4042 ludeo·

149 4093 236 4142 rum
258 4065 327 4140 sub
355 4090 474 4164 onere
526 4069 691 4144 celarato
717 4066 758 4142 in
781 4065 917 4144 litteris
937 4093 1053 4170 super
1073 4069 1147 4142 hoc
1171 4064 1355 4142 conectis
1384 4063 1473 4164 ipsis
1497 4087 1570 4166 per
1599 4081 1671 4138 nos

44 4191 49 4232 ι
148 4166 400 4245 Altmannum
425 4163 664 4268 prepositum
692 4164 745 4246 de,
775 4191 965 4246 consensu
990 4165 1156 4268 Capituli
1182 4178 1236 4244 et·
1253 4173 1480 4243 auctoritate
1512 4167 1693 4252 nostre,
