3710 4838
1114 94 1291 152 ‚1¹

79 346 117 428 ,q
172 291 174 298 '
576 293 652 346 '·,
718 264 799 356 wi
840 301 1037 393 ωρμ-

135 485 139 494 s
183 545 186 555 ,
283 471 324 542 .·
381 471 503 560 'nme
526 430 690 560 nxuv.
739 475 847 560 nor.
876 502 907 555 ι.
930 473 1035 561 sut.
1082 475 1143 554 ex
1168 471 1369 624 qemun

118 646 326 728 Commutatio
353 669 409 715 eeu
430 649 594 738 mamutio
616 621 814 730 quoiundrm
842 650 1025 712 reddituum
1055 667 1095 712 er
1112 649 1199 714 nube
1225 632 1402 732 hrenneri
1427 647 1470 717 ad
1498 647 1654 742 nomeu·

473 755 475 760 ’
600 769 605 776 “
709 757 812 819 etun
833 757 1043 838 Ergoltebeeb·
1076 767 1078 775 ’
1549 791 1555 794 -
1616 749 1627 767 “

1390 849 1397 870 l

217 901 301 982 Nos
326 901 423 982 Leo
455 897 697 982 reiteratione
724 900 850 980 divina
881 901 966 977 Rat'
1012 927 1075 980 on.
1105 899 1223 1002 Epus,
1253 903 1431 983 volumus
1459 923 1540 981 esse
1566 927 1635 980 no·

25 1064 31 1080 .
120 1021 214 1098 tum,
246 1004 351 1104 quod
378 1025 465 1106 cum
493 1027 564 1077 nos
591 1024 705 1102 super
735 1001 899 1102 quadam
925 928 1125 1076 naiasin
1148 1010 1189 1077 in
1213 999 1488 1102 Essenpaoh
1514 998 1635 1078 Hein-

37 1101 47 1122 ‘
74 1135 80 1154 .
103 1104 201 1182 ⁴rien
221 1102 276 1194 ‚de
292 1099 539 1200 Ergolupsch
560 1123 630 1198 pro
650 1097 831 1175 dotalicio
848 1099 900 1174 ed
918 1123 1080 1178 uxorem
1097 1123 1202 1175 suam
1221 1097 1544 1177 confirmassemus
1566 1124 1636 1200 per

121 1225 278 1278 manum
301 1211 467 1274 nostram
500 1217 543 1271 rr
567 1211 610 1273 tt.
631 1197 757 1274 denar.
786 1196 980 1301 Ratispon
1007 1222 1083 1299 que
1104 1195 1217 1274 solvit
1239 1195 1434 1274 annuatim
1458 1219 1527 1274 sex
1550 1195 1635 1274 soli·

123 1299 193 1374 dos
214 1299 342 1375 denar.
366 1293 559 1408 Ratispon.
592 1319 631 1374 et
653 1294 770 1372 tritici
800 1293 893 1371 durs
918 1297 1053 1392 scedas,
1082 1321 1127 1373 ac
1152 1295 1265 1372 nobis
1293 1294 1505 1386 ridebatur,
1530 1293 1636 1398 quod

121 1397 194 1490 sibl
215 1395 347 1470 dictos
376 1393 545 1471 redditus
576 1391 662 1496 alibi
696 1405 1027 1487 commutaremus,
1061 1407 1102 1473 et
1130 1395 1171 1467 id
1195 1393 1314 1492 magis
1339 1391 1537 1496 expediret
1570 1419 1659 1472 no·.

78 1537 85 1552 ·
123 1509 199 1572 stre
218 1489 389 1569 Ecclesie
411 1511 525 1592 atque
545 1489 668 1584 nobis,
693 1491 866 1572 debona
884 1491 1100 1571 Voluntate
1124 1501 1239 1592 ipsius
1263 1511 1303 1569 et
1324 1515 1513 1568 consensu
1538 1488 1637 1566 ordi·

121 1591 295 1670 nevimus
325 1603 364 1668 ct
390 1587 656 1690 deputavimus
679 1587 752 1665 sibi
778 1609 817 1666 et
845 1589 958 1670 uxori
979 1615 1047 1668 sue
1074 1603 1114 1668 et
1143 1615 1280 1667 eorum
1305 1588 1434 1666 liberis
1458 1586 1500 1665 in
1527 1587 1637 1664 Hos·

121 1687 335 1778 marchia
366 1714 450 1764 nra
474 1687 792 1787 Ergoltspach
822 1689 998 1766 redditus·
1021 1689 1267 1788 supradictos,
1298 1686 1478 1782 videlicet
1503 1685 1526 1762 6
1551 1684 1637 1762 soli·
1722 1711 1726 1718 ·

90 1838 92 1850 ·
120 1787 192 1868 dos
212 1789 339 1863 denar.
365 1783 558 1884 Rutispon.
585 1797 625 1861 et
648 1785 738 1860 duas
757 1787 884 1862 scedas
905 1787 1022 1864 tritici
1045 1787 1133 1888 ipsis
1156 1789 1205 1863 de
1228 1787 1363 1862 eadem
1391 1783 1636 1860 Hofmarehia

121 1885 232 1961 annis
259 1881 417 1982 singulis
450 1885 731 1984 persolvendos,
761 1888 765 1896 ’
824 1875 878 1960 sio
899 1883 1050 1972 ¹bubum
1077 1897 1247 1960 nostram
1278 1882 1390 1958 nobis
1424 1880 1565 1958 dimisit
1594 1880 1636 1956 li·
1701 1967 1705 1980 ι

94 1983 216 2080 'berc
245 1981 474 2058 absolutam:
506 1979 587 2084 ipsc
616 1981 732 2058 ctiam
808 1982 985 2076 einricus,
1020 1983 1205 2084 quamdiu
1240 2007 1338 2056 uxor
1368 2005 1433 2055 sna
1463 1980 1503 2058 et
1527 1977 1638 2056 liberi

123 2081 295 2182 ipsorum
308 2077 537 2178 'superstites
566 2077 721 2174 marius,
751 2104 835 2165 non
869 2081 1026 2158 habebit
1063 2093 1295 2181 potestatem
1308 2095 1311 2102 ’
1324 2083 1490 2178 aliquam
1516 2075 1638 2178 dispo·

123 2177 255 2269 nendi,
278 2179 342 2254 vel
365 2176 523 2291 deipsis
549 2177 761 2253 redditibus
780 2177 1145 2256 ordinandi:.uxore
1166 2193 1295 2254 autem
1315 2177 1431 2278 ipsius
1454 2195 1494 2252 et
1512 2174 1638 2253 liberis

122 2275 257 2354 eornm
280 2275 379 2352 viam
404 2298 580 2356 universe
601 2275 731 2352 Carnis
755 2275 940 2374 ingressis,
964 2278 1157 2378 adipsum
1178 2271 1408 2370 Heinricum
1433 2275 1523 2350 dieti
1552 2271 1639 2350 red·

76 2461 79 2468 ,
124 2374 227 2450 ditus
255 2374 519 2451 devolventur.
583 2373 664 2450 Nos
690 2385 819 2478 autem
850 2378 914 2451 uel
939 2377 1144 2452 Successor
1175 2389 1316 2465 noster,
1353 2368 1419 2474 qui
1444 2371 1637 2473 protem·

100 2497 220 2576 ‘pore
240 2469 460 2644 sueritapro
488 2495 530 2548 rr
544 2483 590 2548 tt.
612 2473 738 2550 denar.
762 2471 956 2576 Ratispon.
975 2471 1199 2552 habebimus
1220 2487 1448 2574 potestatem
1467 2469 1638 2564 liberam,
1708 2459 1713 2479 ⁶

121 2570 282 2656 eosdem
310 2593 353 2645 re
409 2567 492 2662 tur,
524 2571 833 2672 quandocunque
860 2572 974 2648 nobis
1000 2571 1198 2673 placuerit,
1230 2566 1455 2674 redimendi,
1482 2586 1522 2645 et
1545 2580 1639 2644 tunc

59 2717 61 2722 -
123 2665 196 2768 lpsi
222 2668 272 2741 ad
296 2693 366 2744 nos
391 2679 431 2745 et
457 2693 564 2766 nram
591 2668 757 2746 Eccllam
786 2667 909 2748 libere
938 2681 1191 2752 revertentur.
1249 2673 1293 2745 ln
1320 2663 1427 2770 cujus
1452 2675 1509 2743 rei
1538 2675 1639 2742 testl·

124 2762 302 2842 monium
326 2778 545 2878 presentem
566 2764 732 2843 litteram
754 2764 877 2864 Sigilli
898 2769 957 2844 nri
976 2766 1191 2846 munimine
1214 2764 1357 2867 placuit
1379 2762 1562 2864 roborari,
1587 2783 1640 2840 te·

7 2899 8 2906 ¹
127 2859 243 2952 stibus
270 2889 337 2975 qur
361 2862 449 2940 huic
475 2863 746 2964 permutationi
770 2865 1036 2958 interfuerunt,
1060 2863 1329 2941 nichilominus
1349 2861 1574 2955 subnotatis,
1599 2871 1639 2938 et

26 3023 28 3028 .
126 2979 214 3038 sunt
234 2959 304 3035 hir:
330 2958 513 3056 Magister
532 2960 742 3054 Htlrmicus,
769 2975 808 3038 et
823 2964 1026 3039 Habordus
1047 2961 1196 3056 notarii,
1221 2961 1337 3037 frater
1354 2960 1638 3052 wolframmus,

23 3069 29 3076 “
82 3075 84 3083 ’
129 3061 248 3172 Hugo
282 3067 382 3134 inter
411 3058 559 3152 latinos,
604 3057 830 3140 Gebhardus
858 3062 906 3137 de
937 3059 1029 3134 Se‘in
1067 3057 1218 3151 milites,
1255 3056 1461 3135 Heinricus
1494 3054 1546 3136 de
1575 3056 1640 3131 da·

127 3155 260 3254 nubro,
291 3153 504 3232 Libhardus
539 3159 587 3234 de
616 3155 834 3254 Welnting,
868 3157 906 3234 et
931 3157 1155 3235 Gebhardus
1185 3159 1235 3238 de
1257 3155 1503 3238 Zeizcboven.
1566 3153 1641 3230 Da·

129 3269 213 3333 tum
236 3279 339 3334 enno
360 3253 507 3332 domini
536 3253 639 3354 1²67·
664 3254 706 3331 in
727 3257 809 3360 Kal.
829 3253 933 3333 Julii.
1117 3285 1120 3294 ¹

591 3407 747 3494 Sigillum
767 3408 834 3491 Epi
853 3407 980 3472 laesum
1003 3409 1178 3494 adpendet.
1269 3485 1272 3488 ¹

385 3676 503 3760 num.
529 3621 714 3762 uxum.
768 3677 1071 3788 1267.11.Jul.·
1108 3679 1169 3760 nx
1191 3680 1386 3782 ongum.
1421 3663 1426 3672 '

151 3855 293 3926 montio
307 3854 447 3920 nltrlltla
466 3825 694 3936 ponenionum
722 3855 755 3917 in
778 3855 918 3936 Gelking
943 3862 976 3916 et
994 3855 1144 3940 strubiuq
1169 3875 1242 3940 erga
1270 3855 1474 3920 donatiouem
1499 3855 1614 3920 montis

716 3981 816 4040 prope
837 3965 1057 4047 Welteuburg.
1429 3960 1435 3973 ¹

73 4151 75 4156 ,
133 4099 173 4117 ”
232 4103 313 4183 Nos
331 4105 426 4186 Le'o
451 4101 695 4185 miseratione
714 4105 841 4184 divina
858 4101 962 4184 llatis
989 4109 1151 4184 onenb'
1178 4131 1233 4201 us,
1256 4099 1643 4210 univorus‘presemu
1739 4107 1752 4138 ²⁴

118 4201 355 4313 'inspecturis
382 4203 668 4316 volumusesso
699 4225 848 4303 notum,
880 4132 988 4308 quod
1014 4231 1086 4286 nos
1102 4131 1253 4285 diiecto
1279 4217 1322 4294 ln
1348 4205 1436 4310 Xpo
1463 4203 1641 4284 confratri
