3710 4838
695 359 698 368 .
818 298 1133 381 vasis

447 461 574 560 Num.
600 459 790 552 Diotiv.
818 435 950 546 Ι1267.
976 490 1021 574 ²9
1047 461 1272 604 iuniiqpnx
1291 439 1486 564 originali.

222 655 414 730 Permutatio
436 663 569 774 duat-pm
581 662 745 724 coriamm
765 645 996 738 in'llaseibach,
1017 663 1178 748 canolii·
1199 651 1478 744 Curiis,70onrado.
1491 665 1530 739 de
1552 657 1740 732 notamen

869 770 1084 829 attinentibus.
1106 816 1110 822 .

129 935 134 942 ’
234 1029 241 1036 ,
308 920 402 1024 Nos
424 949 519 1022 Leo
543 943 786 1022 miseratione
809 942 936 1023 divina
962 943 1206 1046 Ratispcnen.
1230 939 1347 1047 Epus,
1372 944 1554 1023 universis
1579 931 1732 1051 prescii3

224 1043 291 1126 cia:
312 1045 538 1146 inspecturis
569 1045 741 1142 cupimus
767 1067 847 1120 esse
869 1059 1019 1136 notum,
1054 1045 1163 1144 quod
1193 1069 1263 1118 nos
1294 1046 1343 1121 de
1374 1048 1569 1120 communi
1598 1052 1732 1132 volum·

225 1159 303 1221 tate
332 1159 371 1218 et
399 1169 585 1230 censensu
611 1141 774 1240 Capituli
797 1141 920 1234 nostri
941 1141 1240 1240 permutavimus
1262 1168 1350 1216 cum
1367 1138 1514 1229 ‘dilecto
1539 1141 1733 1222 fidelino·

224 1255 303 1318 stro
329 1240 536 1316 Chunrado
561 1241 609 1313 de
632 1239 856 1316 Hohenvels
878 1238 1151 1339 proprietatem
1174 1240 1331 1313 duanim
1354 1239 1556 1316 Curiarum
1577 1242 1732 1319 sitarum

166 1351 178 1360 “
224 1337 267 1417 in
293 1338 561 1414 Haselbach
599 1340 736 1436 (prope
764 1337 920 1432 Salerni
947 1362 1036 1410 cum
1067 1351 1196 1411 earum
1218 1337 1443 1428 attinenciis,
1479 1338 1590 1415 cultis
1613 1355 1651 1418 et
1668 1325 1765 1434 in,

153 1443 156 1448 ’
227 1435 350 1528 cultis,
376 1435 543 1534 quesitis,
558 1449 597 1511 et
622 1434 868 1534 inquirendis,
893 1457 969 1533 que
992 1435 1041 1508 ad
1071 1457 1177 1508 nram
1203 1433 1410 1510 Ecclesiam
1430 1438 1671 1535 proprietatis
1688 1438 1734 1513 ti·

225 1538 309 1610 tulo
338 1533 592 1633 pertinebant,
624 1557 693 1631 pro
718 1531 867 1605 duabus
877 1529 1002 1605 Curiis
1018 1530 1096 1605 sitis
1122 1531 1164 1604 in
1190 1529 1284 1608 liei
1292 1532 1437 1632 perch
1459 1547 1497 1607 et
1526 1535 1734 1612 una-Curia

81 1697 89 1702 .
226 1633 359 1708 sita-in
385 1629 614 1706 Pirchach
636 1630 741 1741 apud
759 1627 1036 1715 Schdunberch
1056 1653 1143 1703 cum
1160 1625 1376 1704 attinenciis
1396 1632 1600 1707 earundem
1615 1633 1734 1708 trium

230 1730 441 1821 Curiarum,
467 1728 576 1803 cultis
596 1739 635 1802 et
651 1725 818 1816 incultis,
845 1725 1000 1826 quesitis
1022 1745 1060 1802 et
1075 1724 1321 1824 inquirendis,
1349 1751 1504 1825 quarum
1551 1729 1738 1830 roprietas

225 1829 274 1904 ed
303 1826 548 1904 Chirnradum
571 1825 620 1899 de
643 1824 866 1901 Hohenvels
887 1824 1008 1900 libere
1032 1821 1268 1924 pertinebat:
1293 1823 1373 1922 ipse
1395 1847 1486 1902 iero
1509 1755 1757 1905 tihunradus

228 1926 389 2002 candem
437 1950 482 1997 ro
508 1922 695 2014 rietatem,
721 1949 833 2021 quam
866 1919 936 2018 sibi
961 1915 1135 2018 dedimus
1161 1920 1202 1996 in
1258 1920 1410 1997 redieris
1437 1922 1581 1998 duabus
1612 1923 1736 2002 Curiis

225 2023 268 2102 in
294 2025 397 2100 Hase
438 1949 508 2096 acii
533 2018 629 2111 sitis,
661 2019 835 2096 vendidit
859 2019 1068 2114 Rudegero·
1088 2017 1191 2094 dicto
1220 1946 1269 2095 <ie
1290 2018 1470 2125 Isningen
1490 2047 1561 2122 pro
1585 2027 1642 2098 tio.
1666 2024 1735 2100 lib·

227 2123 278 2198 ris
300 2122 429 2198 denar.
458 2117 705 2220 Ratisponen.
732 2119 940 2194 accedente
965 2124 1035 2190 nra'
1062 2127 1101 2191 et
1130 2113 1183 2189 Ca
1213 2115 1297 2192 ituli
1318 2128 1378 2192 nri
1399 2120 1762 2213 'voluntate-simii
1847 2199 1851 2207 ,

140 2275 144 2280 -
225 2219 315 2296 liter
339 2231 379 2294 et
404 2241 601 2316 consensu.
652 2215 708 2290 Ut
733 2235 859 2291 sutem
882 2215 989 2288 hmoi
1013 2144 1240 2314 permutaiio
1265 2226 1305 2289 et
1327 2215 1506 2292 vendicio
1523 2231 1601 2293 rota
1627 2233 1665 2294 et
1680 2220 1738 2298 in·

105 2397 112 2404 ,
230 2319 425 2396 convulsa.
439 2325 670 2416 permaneat,
695 2325 912 2412 presentem
943 2311 1108 2388 litteram
1137 2310 1325 2388 conscribi
1344 2331 1391 2387 ‘et
1416 2311 1645 2408 Sigillorum,
1660 2315 1738 2398 ⁴‘nri

227 2413 409 2490 videlicet
436 2434 473 2489 et
498 2409 663 2512 Capituli
688 2419 759 2502 riri,
795 2409 989 2490 Chunrsdi
1017 2411 1065 2486 de
1090 2410 1274 2487 Erenvel's
1301 2429 1339 2486 et
1362 2409 1557 2488 Chunradi
1582 2415 1632 2491 de
1656 2417 1738 2490 Ho-

226 2512 386 2589 henrels
404 2509 606 2610 supradicti
628 2507 841 2586 munimine
862 2508 1020 2584 fecimus
1042 2494 1224 2598 roborari,
1250 2505 1418 2600 testibus,
1454 2509 1520 2608 qui
1539 2523 1737 2612 presentes

225 2611 402 2701 fuerunt,
433 2602 706 2688 nichilominus,
732 2605 957 2698 subnotatis,
997 2624 1036 2679 et
1064 2617 1150 2680 sunt
1177 2605 1251 2679 hii:
1287 2602 1512 2682 Cliunradus
1539 2611 1589 2686 de
1617 2611 1743 2687 Erem‘

94 2731 99 2736 ·
228 2710 319 2798 vels,
347 2705 392 2780 G.
419 2706 596 2794 Wallaer,
625 2699 742 2797 Hugo
763 2701 863 2778 inter
881 2701 1028 2793 latinos,
1053 2701 1290 2794 Kameridus,
1313 2703 1525 2782 Fridericus
1549 2708 1599 2785 de
1617 2709 1739 2805 Puch,

229 2801 384 2880 Ulricus
405 2805 454 2878 de
476 2797 709 2892 Chrandors,
726 2799 941 2874 Poldwinus
964 2800 1013 2872 de
1039 2797 1212 2896 Perbing,
1240 2801 1391 2876 Ulricus
1414 2803 1464 2879 de
1485 2805 1608 2897 Stoui,
1635 2805 1739 2882 Geb-

227 2901 368 2978 hardus
399 2901 447 2978 de
471 2896 718 2988 Zcizchoven,
744 2895 963 2972 Hartwicus.
984 2896 1359 2991 Judan,·Friderious
1388 2902 1436 2976 de
1458 2901 1736 2999 Raitenbuche,
1824 2939 1829 2945 ·

48 3001 57 3014 “
227 2998 457 3090 Litutwinus
479 2998 582 3096 apud
604 2993 809 3168 Capellam,
836 2991 1052 3071 'Gerhardus
1073 2998 1121 3072 de
1146 2991 1282 3088 Werd,
1310 2997 1535 3072 Chunradus
1556 3001 1606 3075 de
1626 3002 1739 3077 Win-

109 3137 115 3144 -
186 3121 306 3194 ·gen
334 3096 486 3184 milites,
509 3093 555 3168 8.
581 3095 630 3170 de
680 3093 915 3191 'glollsheim
933 3093 1168 3168 ‘Hawordus
1205 3093 1494 3194 de'fiilnching,
1525 3093 1737 3175 Fridericus

228 3189 439 3288 dePerge,
463 3191 679 3273 Paldwinus
709 3194 757 3268 de
781 3183 1107 3362 Pdrbingtp'unior,
1134 3191 1338 3272 Heiniicus'
1375 3191 1416 3265 su'
1446 3215 1489 3267 er
1519 3195 1738 3292 danubium,

228 3293 383 3368 Ulricus
406 3291 455 3364 de
481 3287 722 3387 Uplchoven,
747 3289 928 3364 Albertus
976 3285 1140 3380 eOwe,
1167 3287 1371 3390 Philippus,
1459 3293 1625 3366 unradus
1644 3294 1739 3371 Dnl·¹
1784 3291 1790 3300 “

231 3389 295 3482 cis,
321 3384 532 3463 Fridericus
552 3384 829 3460 et'L'a'utwinus
845 3385 988 3480 fratres,
1014 3383 1217 3462 Heinricus
1236 3388 1284 3462 de
1305 3385 1542 3463 Dormercit
1592 3389 1737 3474 Actum

230 3486 436 3600 Ratisp-one
460 3494 551 3578 ante
577 3484 695 3559 aliare
719 3481 817 3559 beati
847 3477 948 3559 Petri
971 3503 1072 3559 anno
1091 3481 1160 3562 dni
1184 3480 1288 3583 1267.
1320 3486 1391 3563 lit.
1418 3485 1607 3564 Kalendas
1632 3487 1738 3568 iulii.
1829 3499 1832 3505 '

195 3715 200 3728 ,
234 3649 391 3739 Quirinos·
416 3644 536 3738 digitio
565 3647 697 3732 integro
725 3643 932 3730 adpendsnt:
961 3625 1083 3735 sigilio
1102 3645 1312 3713 Ernveisarii
1334 3660 1365 3712 ei
1386 3649 1638 3722 Holienotlrarit'
1652 3661 1736 3724 suni

429 3749 434 3754 ’
515 3753 689 3843 equestria,
719 3759 749 3818 ci
770 3754 907 3818 Solitum
929 3739 1097 3840 utriusqus
1118 3751 1253 3822 omnino
1274 3755 1453 3844 serissime,
