3676 4848
744 256 941 350 “oue
989 287 1063 330 m

150 449 265 528 knsis
288 445 349 554 jus
380 458 421 526 et
450 445 860 549 potestatemxplenam
887 444 1140 538 habeanffln
1167 446 1321 526 eisdena
1329 442 1520 526 Ecclesiu,
1537 469 1656 526 seems

5 563 10 570 ·
142 548 283 625 'dotem
307 559 374 622 aut
401 547 615 622 sacerdotes
640 548 826 622 seculares
855 559 909 620 et·
923 545 1086 620 idoneos
1111 545 1346 639 instituendi·
1374 546 1470 624 etsi
1501 567 1657 624 necem

150 646 265 722 luerit
284 637 533 736 destituendi,
560 643 622 720 eui
641 646 704 721 rel
723 643 857 742 quibus
881 643 929 717 de
950 641 1198 741 proventibus
1217 643 1473 721 Ecclesiamm
1498 645 1655 744 comper

149 753 235 818 tens
259 754 298 816 et
323 743 481 816 honesta
506 765 576 840 pro
599 765 665 814 sua
684 748 964 815 sustentacione
986 763 1030 814 ac
1050 765 1261 840 pauperum
1280 739 1503 840 receptione
1528 740 1656 839 portio

149 838 395 938 relinquatur,
425 839 531 913 unde
558 834 675 930 etiam
703 851 743 912 et
772 835 881 910 nobis
912 851 953 912 et
973 835 1260 933 successoribus
1289 839 1425 913 nostris
1446 839 1481 912 E
1506 837 1655 936 iscopis,

147 935 420 1030 archidiacono
446 937 653 1010 etdecano
678 928 819 1034 injure
838 957 909 1006 suo
932 935 1141 1012 valeatve
1166 937 1316 1010 ualeant
1338 959 1476 1034 respon
1526 959 1590 1025 re,
1615 949 1657 1010 et

146 1057 381 1132 quecunque
403 1031 552 1106 residua
574 1029 718 1106 ineunt
734 1042 804 1106 aut
822 1031 1035 1106 secundum
1053 1032 1170 1106 deum
1193 1055 1273 1108 esse
1299 1030 1479 1130 poterint,
1505 1055 1582 1200 per
1601 1031 1656 1104 di·
1719 1055 1728 1060 ·

148 1141 419 1229 sponsatorem·
437 1128 599 1227 predicti
624 1127 812 1223 collegii,
843 1128 1032 1226 quemad
1061 1129 1137 1205 boc
1165 1128 1443 1228 deputaverint,
1482 1153 1504 1201 a
1555 1149 1657 1202 oom-

125 1251 308 1319 *munem
329 1225 485 1300 fratrum
508 1236 827 1302 sustentationem
846 1223 1084 1336 colligantur,
1104 1239 1152 1300 ut
1173 1247 1221 1300 ex
1240 1223 1313 1300 hiis
1333 1247 1404 1302 sue
1426 1221 1657 1300 necessitatis

148 1321 315 1399 habeant
333 1323 552 1413 subsidium,
577 1341 617 1396 et
633 1323 749 1399 deum
771 1347 841 1420 pro
861 1321 972 1396 nobas
996 1341 1035 1398 et
1056 1321 1354 1400 antecessoribus
1375 1337 1492 1420 atque
1512 1342 1656 1398 sucees-

1 1455 3 1464 >
95 1440 98 1446 ’
148 1418 296 1494 roribus
322 1419 460 1494 nostris
488 1419 694 1518 Episcopis,
725 1427 945 1518 nostrisque·
966 1418 1187 1518 parentibus
1211 1417 1436 1517 specialibus
1465 1416 1584 1491 missis
1615 1435 1658 1492 et

128 1514 297 1590 =statutis
322 1515 556 1590 orationibus
578 1514 792 1590 cottidianis
812 1517 976 1592 debeant
999 1517 1178 1592 devocius
1204 1539 1371 1592 exorare.
1432 1514 1502 1588 He
1525 1521 1658 1591 auten

147 1611 345 1688 oraciones
376 1616 468 1688 tales
496 1626 623 1687 erunt:
656 1611 818 1710 quilibet
851 1614 1024 1689 sacerdos
1055 1612 1154 1687 illius
1181 1609 1353 1688 Ecclesie
1381 1635 1515 1686 omnes
1542 1611 1657 1687 colle.

149 1721 239 1801 ctas
272 1735 364 1810 quas
384 1733 453 1809 per
477 1708 588 1782 horas
611 1706 811 1782 canonicas
829 1708 943 1799 dicet,
971 1709 1176 1784 concludat
1202 1709 1275 1784 hac
1300 1709 1545 1784 conclusione
1578 1729 1657 1800 „et

148 1806 370 1882 famulum
409 1817 540 1880 tuum
571 1805 721 1904 Epum
756 1818 969 1880 nostrum
1005 1805 1060 1880 ab
1093 1805 1221 1879 omni
1257 1805 1550 1885 adversitate
1583 1811 1654 1878 cu.

147 1903 326 1994 stodi;“
358 1900 520 2004 quilibet
546 1900 661 1978 etiam
683 1903 856 1977 sacerdos
883 1902 926 1976 in
950 1902 1123 2002 qualibet
1142 1900 1251 1978 nusae
1272 1915 1402 2001 preter
1425 1925 1495 2015 pro
1520 1898 1658 1978 delun.

148 1999 231 2093 ctis,
261 2027 382 2100 quum
409 1999 537 2100 plures
563 2001 727 2076 collecte
751 2017 840 2073 sunt
853 1997 1039 2089 dicende,
1069 1998 1168 2084 hanc
1193 2021 1263 2096 pro
1293 2000 1380 2096 Epo
1398 2001 1505 2090 ‘dicat
1532 2001 1651 2096 calleo

149 2115 267 2172 etam:
292 2094 636 2196 „Omnipotens
668 2094 959 2193 sempiterne
990 2096 1114 2185 deus,
1148 2092 1231 2191 qui
1260 2093 1378 2168 sacis
1411 2093 1658 2170 mirabilia

149 2219 308 2289 magna
339 2197 466 2270 solus
498 2195 600 2268 etc.“
661 2193 840 2266 Preterea
868 2190 1031 2289 quilibet
1064 2191 1238 2292 sacerdos
1263 2191 1365 2266 liber
1382 2219 1418 2267 ‘a
1440 2193 1590 2268 statutis
1607 2201 1659 2270 ’ἃ

151 2290 465 2368 ebdomodalibus
498 2287 617 2364 missis
647 2285 814 2386 qualibet
847 2286 1055 2386 septimana
1090 2300 1220 2386 preter
1247 2287 1415 2384 avigilia
1441 2281 1657 2364 Natiuitatis

150 2385 295 2462 domini
317 2411 436 2486 usque
457 2386 506 2458 ad
524 2369 789 2496 Epiphaniam,
816 2399 854 2460 et
873 2408 896 2458 a
914 2381 1104 2482 dominica
1116 2386 1331 2553 palmarum
1350 2384 1537 2483 usquead
1555 2406 1659 2460 octa-

149 2509 236 2560 vam
265 2484 392 2572 Pasce,
421 2499 464 2572 ,et
487 2506 509 2554 a
532 2479 657 2578 vigilia
678 2479 923 2556 Pentecostes
948 2508 975 2555 u
1020 2505 1069 2556 ue
1093 2507 1115 2554 a
1169 2491 1340 2558 octavam
1364 2477 1534 2582 ejusdem
1557 2480 1662 2558 lesti-

149 2589 271 2656 vitatis
297 2579 468 2655 celebret
495 2588 572 2653 tres
597 2576 740 2667 missas,
771 2599 885 2654 unam
914 2577 979 2654 vid
1021 2577 1094 2654 'oet
1120 2579 1169 2654 de
1192 2591 1324 2654 uncto
1350 2577 1508 2678 Spiritu,
1545 2577 1661 2654 aliam

150 2701 222 2776 pro
242 2677 361 2752 salute
381 2673 567 2766 vivorum,
592 2682 748 2750 terciam
765 2699 835 2773 pro
856 2672 1033 2750 fidelibus
1051 2671 1259 2767 defunctis3
1284 2688 1479 2750 annuatim
1501 2701 1660 2776 quoque

149 2789 319 2847 nostrum
335 2769 624 2848 anniversarium
644 2787 823 2846 consueta
840 2785 1023 2870 peragent
1045 2771 1421 2848 commemoratione.
1453 2771 1661 2847 statuimus

150 2867 291 2968 itaque,
317 2887 358 2943 ut
377 2890 527 2968 semper
549 2865 688 2942 abbate
711 2885 864 2942 mortuo
888 2881 926 2944 et
952 2871 1073 2942 altero
1100 2871 1223 2944 electo
1246 2866 1485 2966 privilegium
1510 2869 1585 2944 hoc
1613 2869 1660 2946 in
1786 2911 1789 2916 ·

143 2975 346 3044 conventu
377 2962 575 3054 recitetur,
614 2976 817 3060 propterea
851 2983 895 3038 ut
920 2963 1023 3042 idern
1048 2963 1164 3038 abbas
1191 2973 1380 3042 orationes
1404 2965 1471 3040 has
1497 2978 1661 3050 ¹statutas

141 3089 223 3164 pro
243 3059 356 3138 nobis
375 3063 417 3138 et'
435 3058 736 3136 antecessoribus
757 3056 874 3170 atque
894 3059 1171 3137 successoribus
1191 3059 1330 3141 nostris
1346 3060 1556 3160 Episcopu,
1579 3061 1661 3142 iaec
1737 3073 1742 3088 ¹

147 3183 232 3241 non
267 3169 307 3234 et
332 3155 550 3258 parentibus
580 3154 717 3232 nostris
744 3156 855 3236 iacnt
869 3156 935 3262 ita
967 3155 1152 3232 stabiliter
1180 3155 1316 3256 peragi,
1345 3182 1404 3233 ne
1453 3183 1496 3234 ro
1523 3175 1662 3237 earuin

96 3279 100 3287 ·
144 3253 382 3350 ‚negligentia
403 3256 467 3330 vel
492 3245 735 3330 ommissione
761 3252 885 3330 indie
906 3251 1037 3353 ludicii
1061 3255 1337 3348 constringatur
1357 3184 1517 3342 reddere
1542 3255 1662 3331 ratio·

143 3371 255 3440 nem.
309 3349 495 3426 Dedimus
518 3349 633 3426 etiam
658 3348 735 3428 hoc
754 3347 990 3448 privilegium
1021 3360 1102 3426 sine
1125 3349 1336 3451 prejudicio
1365 3347 1555 3450 cujusdam
1582 3345 1671 3452 pri:

143 3443 293 3545 ‚vilegii
345 3445 425 3518 uod
441 3457 532 3522 ante
552 3443 726 3522 dedimus
747 3466 861 3543 super
883 3444 1106 3546 quibusdam
1126 3446 1264 3522 debitis
1281 3447 1472 3528 solvendis
1484 3447 1662 3528 Ecclesie

143 3539 308 3646 parochi
347 3536 498 3616 ‘sancti
524 3540 628 3618 Pauli
652 3539 882 3638 (Ratisbon.)
908 3544 957 3630 de
976 3541 1145 3620 Ecclesia
1172 3543 1546 3628 Hunenchoren.
1599 3544 1658 3623 Ut
1803 3550 1809 3562 '

142 3653 284 3740 ,antem
305 3637 378 3729 beo
398 3649 524 3723 nostra
548 3639 702 3720 ulubris
725 3637 886 3714 donacio
912 3636 1020 3724 firma
1046 3653 1086 3716 et
1110 3634 1389 3718 irretractabilis
1414 3665 1436 3716 a
1462 3665 1660 3754 quoquam

96 3813 107 3826 ,
143 3751 385 3840 permoneat,
417 3746 632 3832 presentem
664 3735 837 3835 paginam
852 3732 988 3831 „Sigilli
1015 3736 1134 3822 noeti
1164 3750 1203 3824 et
1224 3736 1344 3832 ¹sigilli
1367 3735 1488 3826 Cliorr
1513 3761 1659 3838 appen-

142 3833 274 3928 sione,
307 3845 347 3910 et
369 3829 522 3906 testium
548 3831 828 3909 subnotatione
849 3831 1025 3909 duximus
1051 3833 1312 3910 roborandam.
1366 3831 1500 3913 Testes
1524 3847 1659 3912 autern
1780 3843 1788 3856 '

116 3947 123 3954 ’
145 3929 211 4010 ¹bii
233 3948 333 4006 sunt:
367 3925 505 4002 Chuno
526 3929 699 4020 decanus,
714 3931 941 4020 .Wernhard
963 3929 1022 4004 de»
1036 3929 1215 4006 Horbacb
1242 3929 1455 4029 prepositus
1477 3955 1520 4008 er
1539 3929 1659 4010 archi·
1765 3981 1771 3992 ·

156 4027 250 4104 diac.
321 4025 528 4102 Fridericus
563 4025 612 4100 de
644 4023 913 4103 Bruokeberch
943 4026 1170 4139 prepositus,
1202 4026 1409 4112 Heinricus
1439 4029 1489 4104 de
1515 4027 1658 4117 Mosen

39 4185 42 4190 -
154 4120 379 4228 prepositus,
419 4121 571 4218 Utrique
586 4209 591 4216 .
604 4122 652 4201 de
665 4199 669 4209 ,
683 4121 830 4209 Werde
854 4121 1054 4240 aaudiat.
1087 4125 1307 4214 Wcruhard
1331 4125 1382 4204 de
1405 4121 1656 4214 ludenbruke
