3710 4838
591 253 595 262 ’
805 299 1126 379 ΜΒΝ

198 479 246 560 ad
268 481 359 558 alios
378 473 614 558 liberalitatis
634 497 703 556 are
732 474 1043 570 munificenciam
1061 461 1310 582 ‚extendimus
1332 467 1377 554 et'
1394 463 1725 570 honorisnunii'

197 579 356 657 licencia
385 590 463 696 ipsa
490 603 578 653 cum
599 577 724 652 fructu
745 587 948 674 gratiarum
971 577 1019 652 ad
1043 575 1205 662 erarium
1233 585 1350 655 nrum
1372 577 1500 654 redit·
1532 576 1632 653 Cum
1649 583 1723 677 igi-¹

158 693 261 754 ··tur
283 677 415 755 dilecta
442 677 483 753 in
507 677 598 776 Xpo
628 677 759 752 iratres
787 675 943 770 Ordinis
971 677 1270 778 predicatorum,
1304 672 1369 776 qui
1392 675 1716 778 contemplacioni
1761 676 1798 747 ².

9 773 17 795 ‘
124 859 126 864 ,
183 775 395 864 celestium
426 772 632 853 ferventius
653 771 870 870 invigilant,
909 793 948 850 et
977 786 1038 875 pie
1062 773 1153 853 Vite
1179 771 1306 852 studio
1335 783 1415 850 sinc
1437 774 1717 854 intermissione
1757 853 1759 860 ,

74 895 77 904 ’
116 874 124 888 ’
194 875 373 952 insudant
396 875 608 972 Ratispons
629 875 830 968 degentes,
864 871 1030 950 Oratorii
1051 871 1114 950 'sui
1123 871 1302 970 angustia
1325 870 1517 976 impediti,
1546 899 1731 952 necessa·.-
1842 957 1846 966 ,

194 985 297 1066 rium
316 973 446 1049 Ecclie
472 971 535 1047 dei
555 968 810 1050 ministerium
832 973 985 1054 hiemali
1010 991 1085 1049 tem
1116 997 1194 1065 ore,
1219 995 1276 1047 aox
1293 984 1331 1058 ct
1353 971 1508 1070 pluviali
1530 972 1572 1048 in
1596 982 1716 1050 estate
1819 975 1832 1060 J

1 1073 7 1086 '
194 1097 276 1148 non
304 1073 454 1148 valeant
479 1071 706 1168 adimplere,
737 1070 806 1144 sed
829 1081 1019 1167 cogantur
1051 1096 1072 1144 a
1101 1091 1103 1101 ·
1131 1075 1200 1170 pr'o
1229 1071 1425 1146 suendum
1455 1073 1527 1147 dei·
1538 1069 1717 1156 Verbum

192 1167 242 1246 id
262 1167 385 1246 aliena
411 1181 452 1260 et
472 1165 622 1243 diversa
647 1165 816 1269 ejusdem
841 1167 1010 1268 Cintatis
1035 1193 1077 1244 se
1098 1095 1297 1245 transiens
1319 1167 1565 1264 monasteria,
1599 1163 1718 1272 offici·
1787 1212 1795 1222 ·

194 1293 330 1344 narum
347 1290 503 1370 quoque
526 1289 592 1342 sue
612 1267 783 1362 religioni
808 1276 1098 1342 necessariarum
1118 1289 1270 1362 gravem
1292 1267 1499 1342 admodum
1521 1263 1719 1349 defectum
1809 1267 1813 1274 ’

196 1365 426 1444 sustineant:
459 1363 539 1440 Nos
559 1361 626 1464 qui
648 1363 832 1442 benivolo
852 1363 982 1442 lavore
1003 1364 1110 1465 pium
1125 1387 1256 1440 eorum
1279 1363 1518 1464 propositum
1538 1373 1718 1466 prosequi
1842 1349 1852 1376 ‘

130 1543 133 1551 ,
193 1465 443 1558 intendimus,
474 1464 521 1537 ad
543 1462 813 1540 exstruendum
836 1461 1062 1538 Oratorium
1084 1457 1363 1580 juxta'morem
1381 1465 1528 1539 “ordinis
1559 1486 1718 1542 manum

63 1549 72 1571 ³
108 1610 114 1621 =
158 1586 163 1600 ‘
195 1561 439 1666 adposuimus
460 1559 696 1664 adjutricem.
768 1559 1064 1637 Universitatem
1086 1574 1216 1676 itaque
1233 1573 1404 1638 ¹vestram
1424 1573 1718 1654 commonentes
1763 1637 1774 1650 ,

67 1727 98 1753 ,.
189 1679 234 1739 et
257 1661 467 1762 iias-itatem
487 1658 622 1736 intime
648 1667 878 1750 suscitantes,
903 1685 946 1733 ac
965 1658 1007 1734 in
1026 1658 1289 1736 remissionem
1306 1671 1554 1758 peccatorum
1574 1669 1724 1736 vestro«
1828 1687 1842 1724 ⁴.

185 1767 296 1852 riam,
315 1769 402 1835 'nec
421 1775 508 1836 'non
534 1761 726 1858 culpamm
750 1771 1033 1864 contractarum
1058 1783 1107 1836 ex
1138 1755 1256 1833 divini
1284 1760 1426 1850 cultus,
1457 1757 1637 1834 horarum
1658 1780 1726 1834 oa···

194 1857 419 1934 nonicamm
446 1881 490 1931 ac
515 1860 706 1957 pastoralis
736 1855 1003 1946 sollicitudinis
1032 1855 1281 1954 negligencia
1299 1853 1408 1932 vobis
1433 1852 1637 1931 districtius
1660 1858 1723 1933 inl-³

172 1952 382 2060 'jungimus
406 1981 475 2057 per
494 1968 697 2057 presentes,
724 1975 907 2058 quatenus
930 1949 980 2031 de
1002 1951 1108 2030 bonis
1129 1981 1150 2028 a
1172 1957 1246 2030 deo
1265 1953 1375 2032 vobis
1396 1956 1541 2030 collatis
1558 1953 1608 2028 ad
1626 1975 1726 2034 eon«

194 2053 415 2130 summanda
437 2055 604 2154 predicta
629 2065 707 2155 pias
727 2055 1053 2156 ipsislargiamini
1069 2051 1312 2144 elemosinas,
1345 2072 1383 2129 et
1406 2048 1624 2154 subjectum
1649 2076 1719 2130 vo*
1815 2075 1824 2094 ⁸

183 2151 253 2253 ‚bis
270 2155 461 2254 ,populum
484 2154 532 2229 ad
554 2153 743 2252 eroganda
766 2163 871 2250 grata
899 2149 1078 2228 Karitatis
1107 2149 1455 2250 subsidiapubliois
1481 2151 1720 2228 exhortacio·
1762 2225 1768 2230 .

199 2251 329 2343 nibus,
353 2261 506 2327 secretis
528 2257 689 2327 consiliis
716 2271 754 2328 et
770 2259 1094 2350 'testamentorum
1119 2248 1402 2326 ordinaeinibus
1421 2247 1619 2335 inducatis.
1660 2247 1719 2326 Ut

196 2360 326 2426 autem
356 2349 445 2424 huic
465 2349 606 2426 salubri
627 2346 796 2464 negocio
820 2373 977 2450 operam
998 2343 1182 2424 adhibere
1206 2345 1405 2426 videamur
1427 2342 1641 2440 efficacem,
1667 2345 1720 2426 de
1753 2363 1756 2374 '

196 2445 469 2546 omnipotentis
490 2447 550 2523 dei
577 2445 843 2540 misericordia,
870 2466 909 2523 et
929 2444 1193 2543 gloriosissime
1220 2443 1414 2542 genitricis
1437 2455 1505 2522 sue
1558 2470 1600 2522 er
1627 2463 1719 2545 etue
1826 2475 1847 2516 ,-

167 2601 169 2609 ·
195 2543 366 2642 Virginis
397 2545 519 2639 Maria
543 2547 712 2638 meritis,
748 2545 828 2624 imo
855 2558 895 2620 et
923 2543 1024 2622 beati
1040 2543 1160 2620 *Petri
1184 2545 1261 2644 apli
1289 2557 1329 2621 et
1359 2542 1461 2622 beati
1549 2471 1726 2640 clibangi

175 2643 274 2744 'Epi
306 2663 345 2721 et
372 2641 606 2718 contessoris
630 2640 709 2744 ejus
738 2641 882 2718 meritis
908 2641 1043 2717 conlisi
1074 2640 1272 2735 omnibus,
1307 2641 1372 2742 qui
1397 2640 1578 2744 predictis
1599 2639 1719 2743 tratri·
1746 2711 1752 2724 ,
1788 2689 1790 2696 1

195 2740 270 2830 bus,
290 2739 590 2842 predicatoribus
615 2751 684 2840 pro
701 2739 1044 2824 ,Consummatione
1070 2738 1195 2840 operis
1218 2735 1297 2841 jam
1324 2740 1427 2842 cepti
1452 2737 1719 2842 manumpor·
1774 2787 1785 2798 -

195 2836 366 2917 rexerint
386 2835 633 2944 adjutricem,
658 2837 715 2914 80.
743 2838 822 2914 dies
850 2834 1168 2913 criminalium·et
1187 2863 1331 2915 annum
1355 2839 1563 2938 venialium
1587 2841 1647 2917 de·
1662 2837 1721 2944 ing

199 2932 328 3014 'uncta
359 2938 446 3040 ipsis
478 2937 696 3039 penitencia
726 2933 1022 3012 misericorditer
1049 2939 1278 3030 relaxamus,
1318 2951 1415 3016 ratas
1447 2937 1728 3014 nichilominus

194 2963 382 3114 babentes
409 3037 506 3114 circa
531 3039 719 3143 populum
744 3034 856 3110 nobis
880 3029 1097 3136 subjectum
1129 3037 1361 3112 conlratrum
1388 3049 1428 3113 et
1453 3037 1726 3137 Eporumnof¹
1788 3061 1791 3088 ¹

170 3161 181 3172 „
200 3146 375 3228 strorum,
401 3161 563 3234 quorum
589 3137 759 3212 dioceses
783 3137 874 3236 sepe
900 3131 992 3208 dicti
1017 3133 1147 3210 fratres
1171 3135 1220 3208 ad
1247 3134 1511 3218 seminandum
1538 3135 1601 3212 dei
1623 3133 1723 3231 Ver·

197 3231 292 3310 bum
318 3227 602 3329 ingrediuntur,
634 3231 909 3328 indulgencias,
948 3229 979 3308 si
998 3257 1104 3332 quas
1133 3239 1219 3402 ipsis
1246 3233 1425 3309 duxerint
1459 3236 1603 3310 induo
1630 3236 1728 3332 con}¹

199 3331 398 3408 cedendas.
460 3331 623 3430 Insuper
645 3342 743 3406 ratas
767 3330 951 3408 habemus
977 3329 1076 3407 circa
1107 3355 1150 3406 su
1178 3329 1276 3405 ditos
1302 3357 1424 3425 uros„
1441 3329 1478 3410 si
1505 3332 1572 3433 qui
1596 3329 1727 3424 fratris

197 3429 271 3504 bus
295 3425 476 3530 predictis
507 3453 590 3503 suas
622 3427 768 3526 elargiti
800 3427 941 3504 luerint
974 3427 1218 3522 elemosinas,
1257 3429 1522 3528 indulgencias
1548 3427 1722 3532 Eporum
1768 3441 1773 3450 “

182 3527 497 3628 ‚subscriptorum
530 3524 620 3626 ipsis
646 3536 686 3602 in
717 3525 896 3602 ¹Concilio
927 3525 1176 3626 Lugdunensi
1207 3525 1318 3604 nobis
1352 3529 1496 3606 ibidem
1528 3535 1725 3606 existenti-⁶

172 3621 270 3712 ‚bus
297 3649 502 3717 concessas,
529 3649 618 3726 quas
642 3625 691 3700 ad
714 3625 801 3720 hoc,
825 3635 870 3702 ut
893 3623 1001 3704 vobis
1026 3629 1174 3727 plenius
1199 3637 1452 3719 innotescant,
1477 3632 1609 3705 litteris
1634 3647 1726 3728 prad

192 3722 371 3818 sentibus
404 3727 581 3800 duximus
605 3721 842 3818 inserendas,
881 3749 904 3800 a
935 3725 1146 3804 venerabili
1178 3725 1291 3804 fratre
1322 3751 1394 3806 nro
1427 3729 1505 3802 dno
1531 3724 1729 3804 Heinrioo³
1775 3759 1779 3778 =

198 3819 422 3900 Treverensi
448 3823 643 3926 Archiepo
669 3847 729 3914 4ο.
755 3823 836 3900 dies
860 3821 1114 3900 criminalium
1148 3825 1517 3918 sismusinum,
1559 3825 1609 3921 ab
1635 3827 1747 3926 Epo

135 3973 145 3982 „
201 3918 398 3996 Chimensi
427 3945 488 4016 ao.
521 3922 601 3998 dies
634 3920 885 4000 criminalium
919 3940 958 3998 et
995 3921 1055 3999 80.
1086 3922 1314 4020 venialium,
1352 3923 1519 4002 airatre
1556 3921 1723 4000 Alberto

201 4018 394 4191 Quondam
418 4017 506 4120 Epo
540 4019 625 4096 Rat.
650 4033 709 4106 to.
736 4022 815 4106 dies
831 4019 1102 4106 criminalium
1136 4043 1175 4099 et
1205 4024 1264 4102 80.
1296 4021 1525 4119 venialium,
1558 4035 1587 4096 a'
1604 4019 1727 4100 fratre
1747 4051 1761 4094 .‘

156 4213 158 4216 Ι
242 4114 387 4192 uidone
424 4117 510 4216 Epo
545 4115 832 4195 Claromonten.
863 4139 924 4213 4ο.
949 4120 1029 4196 dies
1062 4119 1313 4200 criminalium
1350 4135 1389 4200 et
1422 4133 1479 4206 bo.
1504 4119 1724 4216 venialium,

200 4233 222 4286 a
254 4214 367 4292 fratre
390 4213 561 4296 Titerioo
591 4215 679 4320 Epo
703 4213 919 4300 Faventino
955 4239 1019 4316 40,
1051 4217 1418 4335 disseminatum
1443 4233 1489 4308 ‚et
1513 4217 1726 4327 somena
1788 4266 1797 4274 ·
1839 4323 1843 4330 ,

379 4456 392 4500 l
