3710 4838
693 353 698 362 ·
815 266 1169 400 botro
1282 275 1296 286 ”

221 483 353 566 Ecclie
380 489 612 562 vacaverunt
640 499 688 556 ex
715 483 841 554 morte
871 471 1085 568 Comttum,
1118 471 1341 564 Nobilium,
1368 463 1677 556 Ministerlallum
1691 493 1738 558 nt

223 604 539 690 quorumcunque
564 576 726 654 aliorum
748 573 967 665 hominum,
1003 591 1226 650 remaneant
1248 571 1441 671 Ratispon.
1465 569 1598 652 Ecclie
1625 576 1666 651 el
1688 573 1739 652 ad
1788 647 1806 670 „

221 694 341 788 ipsam
364 675 598 776 integraliter
619 675 883 766 devolvantur,
907 672 956 751 sd
973 671 1048 748 hec
1072 681 1174 752 enim
1191 670 1279 771 Epo
1302 665 1496 784 Ratispon.
1514 667 1646 748 Ecclte
1668 697 1741 750 nos

222 795 263 860 et
284 781 400 860 ttbert
422 785 484 858 nrt
511 773 757 876 prestabimus
785 769 971 846 auxilium
1003 781 1044 847 et
1069 765 1258 862 savorem,
1301 786 1342 846 et
1364 767 1544 846 sacremus
1567 767 1742 858 exhiberi
1835 801 1836 804 ¹

80 889 86 896 “
224 881 272 958 de
296 872 571 977 occupantibus
588 868 741 976 justicie
765 869 1113 972 complementum,
1149 861 1195 944 et·
1208 865 1250 942 in
1271 863 1451 967 predictis
1470 863 1582 946 bonis
1607 890 1679 970 nos
1700 879 1743 948 et

19 969 48 1088 ι’
77 997 112 1041 -“
222 990 282 1058 nri
307 973 419 1053 liberi
443 974 589 1048 dictum
612 961 741 1070 Epum
767 985 807 1044 et
838 972 943 1042 suam
968 967 1136 1042 Eccliam
1167 977 1351 1065 tanquam
1375 959 1479 1040 bona
1502 973 1653 1075 propria
1668 975 1744 1078 'ni-

223 1072 456 1152 chilominus
482 1069 745 1160 defendemus,
759 1085 843 1142 ereo
869 1064 1132 1166 permittemus
1162 1063 1303 1138 offendi
1326 1063 1390 1140 vel
1414 1059 1544 1169 inierit
1565 1063 1743 1163 inpurum

186 1205 193 1219 ¹
221 1183 264 1248 in
291 1173 446 1248 eisdem.
504 1171 551 1243 ln
575 1160 682 1268 cujus
705 1163 761 1241 rei
784 1173 1042 1242 testimonium
1068 1161 1244 1255 Sigillum
1263 1183 1333 1236 nre
1359 1157 1570 1260 MaJestatis
1592 1183 1745 1260 presen-

223 1267 326 1350 tibus
351 1289 407 1346 est
432 1283 650 1368 appensum.
722 1261 776 1340 H.
794 1287 825 1338 r.
845 1279 870 1340 t.
905 1270 994 1336 sunt
1015 1257 1250 1335 venerabiles
1279 1265 1321 1352 tn
1346 1255 1437 1354 Xpo
1475 1270 1588 1334 atres
1613 1256 1745 1336 Petrus
1792 1321 1797 1329 .

223 1365 418 1443 Patavien.
447 1383 486 1442 et
509 1361 702 1440 lohannes
725 1359 912 1462 Chymen
936 1355 1152 1432 Eccliarum
1176 1351 1271 1453 Epi,
1305 1352 1417 1450 Magn
1481 1354 1639 1430 otlridus
1663 1379 1746 1457 pre·

225 1461 373 1568 positus
397 1463 594 1554 Soltcnsis,
628 1461 741 1556 Mage
764 1457 936 1532 Andreas
965 1455 1013 1530 de
1036 1451 1149 1528 Rode
1172 1474 1240 1552 pre
1267 1448 1382 1526 ositus
1398 1450 1586 1530 Werden.
1607 1461 1747 1530 notarii

93 1607 99 1614 ·
225 1574 304 1654 nri,
337 1559 550 1636 Fridericus
574 1541 820 1654 Burcgraviui
846 1553 894 1630 de
919 1550 1203 1644 Niiremberch,
1276 1559 1334 1624 tto
1360 1548 1409 1624 de
1436 1547 1627 1643 Haslawe,
1650 1551 1758 1630 Otto.

216 1662 279 1757 ,de
303 1655 590 1748 Perhtoldstorl,
617 1655 768 1742 Ulrtcus
794 1645 837 1736 et
850 1649 1073 1727 Chnnradns
1097 1647 1228 1723 batres
1253 1647 1302 1723 de
1321 1641 1533 1738 Pilichdorf
1553 1657 1593 1736 et
1617 1651 1749 1748 plures
1813 1656 1838 1708 f

177 1807 188 1816 -
224 1760 289 1832 alii
311 1751 528 1852 fide'digni
591 1753 733 1828 Datum
763 1749 966 1826 Wienne
989 1773 1097 1822 anno
1118 1745 1311 1822 dominice
1340 1744 1612 1826 incarnationis
1640 1767 1748 1848 1272·

227 1856 318 1971 ldus
342 1854 365 1932 J
368 1863 459 1976 unii,
482 1851 698 1932 indictione
720 1859 861 1952 quinta,
887 1847 1012 1945 Regni
1033 1869 1125 1927 vero
1147 1841 1267 1922 nostri
1297 1865 1401 1944 anno
1428 1853 1578 1946 quarto·
1725 1845 1730 1856 ’
1803 1852 1809 1861 ’

639 2029 644 2038 “
713 1991 872 2100 &gitium
892 2007 1062 2095 majestat.
1084 2009 1261 2098 odpsrsdsl·

805 2151 1196 2202 *lu—unm

292 2376 296 2382 ,
362 2409 368 2419 .
413 2283 546 2412 quuffl,
595 2321 819 2416 mxxv}
841 2341 946 2432 1277.
973 2341 1031 2410 st.
1054 2328 1129 2408 Jut
1176 2299 1552 2432 E1Diplom'atarior
1639 2271 1648 2328 ξ
1727 2409 1732 2420 .

348 2505 615 2569 natuturam„
645 2505 753 2566 saun
782 2502 938 2568 mseras
969 2503 1130 2566 maraton.
1159 2500 1307 2606 stratae
1336 2503 1462 2587 arag«
1479 2501 1629 2568 rosato.
1687 2522 1692 2530 ·
1726 2461 1764 2550 s

217 2735 224 2746 ¹
328 2647 566 2726 Rudollus
597 2644 662 2722 dei
691 2644 815 2743 gracia
840 2643 1104 2727 Romanorum
1133 2645 1219 2740 Rex
1242 2669 1395 2748 semper
1422 2659 1617 2747 augustus,
1653 2641 1752 2744 Uni·

227 2745 346 2828 serris
360 2746 530 2848 ,imperii
559 2743 727 2822 Romani
756 2741 935 2822 fidelibus
960 2743 1090 2822 literas
1115 2758 1312 2846 presentes
1337 2755 1558 2847 suspectum
1587 2747 1775 2845 qmciant·

221 2873 349 2948 suam,
374 2858 414 2922 ct
435 2866 552 2922 omne
571 2839 729 2920 bonum.
787 2841 947 2956 Equites
967 2840 1142 2936 racionis,
1167 2855 1208 2922 et
1230 2838 1554 2948 censurajusticie
1579 2841 1751 2951 majesta·

232 2957 313 3022 tem
334 2968 439 3022 nram
462 2952 689 3042 ammonent
712 2953 752 3020 et
772 2949 943 3034 invitant,
967 2954 1012 3016 ut
1029 2941 1079 3018 ad
1096 2952 1297 3026 munimen
1316 2956 1355 3020 et
1381 2942 1664 3043 protectionem
1677 2945 1774 3024 Em.

164 3053 169 3062 “
232 3039 431 3119 clesiamm
447 3039 536 3132 Dei,
561 3037 701 3140 quibus
727 3038 970 3128 ordinatione
992 3037 1121 3116 divina
1140 3041 1318 3139 prodesse
1341 3051 1520 3116 tenemur
1544 3055 1584 3118 et
1608 3041 1780 3138 adesse„

300 3137 358 3215 cie
381 3161 452 3214 nre
482 3141 694 3214 clementer
716 3136 901 3230 solacium
930 3137 1196 3214 extendamus:
1228 3131 1445 3235 specialiter
1471 3155 1598 3214 autem
1629 3140 1680 3215 ad
1707 3138 1753 3218 il·

248 3261 303 3328 as,
325 3258 402 3335 que
428 3247 624 3334 pastorum
648 3233 790 3310 solacio
816 3233 1011 3327 destitute,
1041 3255 1197 3320 necesse
1222 3231 1378 3324 habent,
1408 3233 1458 3308 ad
1484 3257 1752 3348 perversonrm

233 3330 406 3422 incursus
437 3342 476 3407 et
499 3333 658 3432 laqueos
686 3331 891 3424 evitandos,
923 3335 1006 3408 solo
1039 3330 1143 3429 regie
1169 3323 1377 3448 maJ'estatis
1401 3331 1567 3430 presidio
1598 3357 1753 3414 conser-

225 3426 331 3526 ‚vari3
362 3426 453 3506 hinc
484 3439 552 3522 est,
585 3429 689 3527 quod
721 3452 792 3504 nos
819 3429 1075 3510 venerandam
1109 3443 1258 3508 cunctis
1281 3427 1595 3529 Ratispooensem
1617 3431 1752 3512 'Eccle-¹

234 3527 339 3620 siam,
370 3550 447 3628 que
480 3523 531 3602 ob
562 3523 716 3696 providi
741 3526 904 3640 pastoris
934 3525 993 3602 sui
1021 3524 1234 3606 carenciam
1264 3550 1333 3604 seu
1364 3526 1570 3625 delectum,
1603 3529 1753 3629 magnis

196 3625 229 3668 ”
263 3639 363 3702 osset
393 3623 558 3706 involvi·
588 3622 767 3722 ispendirs
792 3637 833 3702 et
852 3625 1053 3725 pressuris,
1086 3623 1117 3702 si
1145 3649 1229 3702 non
1257 3623 1336 3704 Dei
1355 3625 1573 3728 presidium,
1603 3649 1753 3732 rareque

190 3751 197 3758 ·
234 3653 465 3802 defensionis
490 3725 669 3826 clypeum
699 3717 884 3824 objiceret
908 3747 959 3820 ex
989 3725 1160 3816 adverso,
1189 3749 1278 3800 cum
1300 3735 1481 3823 personis,
1506 3727 1644 3821 castris,
1668 3751 1752 3806 mu·

234 3819 464 3912 nicionibus,
503 3817 801 3934 possessionibus
829 3819 905 3898 suis
940 3847 985 3898 ac
1024 3818 1241 3901 attinenciis
1271 3822 1454 3902 universis
1485 3823 1528 3900 in
1560 3851 1670 3910 nram
1708 3839 1751 3912 et

234 3915 331 3996 sacri
357 3915 512 4028 Imperii
538 3916 831 4030 protectionem,
857 3918 1067 3996 tuicionem
1091 3947 1136 3994 nc
1162 3917 1423 3999 defensionem
1446 3921 1649 4025 recipimus
1669 3947 1753 4042 sps·

212 4014 385 4104 -cialem,
409 4038 593 4092 umversts
619 4027 659 4092 et
684 4013 840 4112 singulis
870 4014 979 4093 vobis
999 4015 1083 4094 sub
1111 4016 1278 4110 obtentu
1303 4017 1427 4114 gracie
1453 4045 1524 4102 nre
1545 4021 1751 4102 distrietrns

237 4111 466 4226 inhibentes,
478 4136 543 4224 ‘ne
569 4111 652 4210 quis
676 4113 821 4228 prefate
843 4113 975 4192 Ecclie
1000 4126 1040 4193 et
1065 4113 1187 4216 Capio
1213 4113 1258 4213 in
1279 4115 1498 4194 hominibus
1521 4124 1584 4198 vel
1605 4143 1753 4225 posses·

239 4209 409 4322 sionibus
429 4235 517 4308 stus,
547 4219 611 4302 aut
635 4211 718 4306 altu
741 4210 1035 4316 quibuscunque
1065 4213 1228 4317 aliquam
1249 4227 1445 4318 presumat
1466 4219 1607 4300 inferre
1633 4221 1751 4298 mole·

1020 4309 1118 4421 ‚⁶9⁸
