3648 4850
693 262 1101 378 -ettgfisa

35 515 41 522 .
172 518 203 538 ³,
242 507 244 514 .
275 442 389 525 :Data
405 443 455 528 V.
480 443 610 526 Nonas
626 417 735 540 tutti,
760 439 985 526 indictione
995 447 1077 522 tir.
1108 471 1209 539 anno
1231 443 1444 546 dominicae
1467 443 1692 528 incarnatio-

188 541 249 624 nis
278 569 379 622 tort.
411 574 512 622 anuo
532 570 624 623 vero
640 545 784 623 Domui
800 549 969 624 Heinrtci
987 546 1145 622 secundi
1167 547 1358 646 regnantis
1372 547 1458 644 XX,
1472 546 1694 650 ¹imperantis

171 641 290 736 «Viti.
330 646 473 726 actum
496 643 731 722 Coloniae
754 641 918 732 feliciter
940 667 1065 741 anten-
1094 665 1105 724 ζ
1575 659 1584 671 ’“

540 865 547 874 ,
611 783 769 875 Sigillum
790 783 959 870 majestat.
982 786 1150 871 integrum
1168 763 1276 856 estat.

748 928 1147 959 ιιι-ι-φ--μ-ι-

401 1125 403 1128 ,
444 1045 761 1166 nmcxttv.
813 1047 1107 1130 sonatan
1154 961 1439 1150 Exbdglnali.
1570 1133 1574 1138 ,

188 1205 269 1284 hap·
297 1195 453 1268 litoribus
484 1206 658 1280 confirmat¹
675 1196 866 1264 monasterio
891 1203 991 1266 asueti
1018 1203 1206 1262 Emmerami
1232 1205 1433 1267 traditionem
1462 1177 1697 1272 coilisione

394 1320 398 1325 ·
558 1281 766 1383 (tssogtareut)
802 1285 913 1345 laeum
933 1303 952 1342 a
973 1284 1092 1343 Contite
1112 1285 1323 1358 Warmuado.

176 1422 181 1434 ¹
296 1432 343 1506 ln
366 1439 523 1508 nomine
548 1447 706 1506 sanctae
729 1446 769 1504 et
795 1425 1014 1520 individuae
1041 1425 1261 1517 Trinitatis,
1288 1425 1545 1507 Heinricus
1569 1429 1696 1507 divina

189 1528 342 1610 favente
373 1527 574 1604 elementia
598 1527 710 1602 Rom.
735 1527 831 1625 Imp.
855 1527 1057 1620 Augustus.
1113 1525 1352 1622 imperialem
1382 1537 1500 1602 nostrl
1531 1527 1698 1604 nominis
1791 1541 1797 1554 '

54 1651 81 1688 -·
192 1625 458 1718 excellentiam
478 1627 553 1700 hoc
573 1624 711 1698 scimus
732 1621 902 1714 exigere,
934 1632 1012 1696 imo
1032 1621 1081 1695 ad
1103 1633 1242 1714 statum
1270 1623 1378 1717 regni
1400 1639 1439 1698 et
1463 1627 1511 1698 ad
1534 1627 1697 1707 salutem
1775 1698 1783 1711 ,

61 1763 67 1774 r
188 1723 338 1800 animae
364 1736 513 1809 nostrae
540 1723 703 1794 multum
729 1717 933 1817 prolicere,
981 1743 1152 1818 quosque
1178 1721 1294 1793 divini
1321 1719 1463 1796 servitii
1498 1735 1696 1813 amatores,
1791 1717 1794 1726 ’

188 1834 334 1898 ussine
358 1819 510 1918 querela
536 1817 577 1892 in
600 1819 675 1890 Dei
702 1817 900 1915 persistant
926 1819 1052 1908 laude,
1089 1815 1324 1892 liberalitatis
1344 1833 1495 1893 nostrae
1514 1832 1700 1893 sustenta·

144 1947 148 1954 ⁴
190 1921 280 2002 aulo
312 1918 543 2005 cottlortare,
560 1912 740 1989 maxime
761 1933 889 2010 autem
918 1939 999 2004 eos,
1041 1939 1200 2012 quorum
1222 1911 1365 2001 laboris'
1383 1914 1540 1990 devotio
1566 1915 1697 1990 divino

41 2005 60 2090 .’
123 2061 129 2092 s
188 2039 280 2116 prae
304 2011 461 2090 caeteris
485 2011 655 2105 invigilat
677 2011 873 2110 obsequio.
924 2010 1088 2085 Proinde
1104 2009 1448 2086 noveritomnium
1471 2011 1696 2088 Ch'ristiuo·

53 2172 55 2178 .
111 2163 113 2165 -
189 2111 334 2209 sitique
361 2107 533 2186 fidelium
558 2107 796 2197 universitas,
829 2106 991 2207 qttaliter
1014 2133 1085 2181 nos
1112 2105 1263 2182 divinae
1289 2105 1601 2184 remunerationis
1628 2134 1696 2212 spe
1765 2131 1773 2144 “

136 2242 141 2251 ·
190 2205 358 2298 incitati,
382 2205 607 2284 ,interventu
635 2205 749 2281 etiam
775 2203 937 2281 dilectae
962 2197 1135 2304 conjugis
1164 2218 1315 2280 nostrae
1350 2204 1697 2303 Chunigitndae
1805 2225 1809 2235 '

39 2365 43 2372 .
174 2301 445 2404 imperatricis
477 2305 687 2398 Augustae,
731 2315 771 2380 et
801 2303 1009 2378 venerandi
1043 2299 1247 2378 llicholfi
1280 2302 1427 2381 abbatis
1458 2304 1697 2396 commoniti,

190 2403 348 2480 caldam.
369 2392 561 2480 Ecclesiae
586 2396 785 2475 Delinlra
810 2397 1016 2474 Civitatem
1045 2399 1290 2498 Ratisponen.
1316 2399 1358 2474 in
1389 2402 1574 2476 honorem
1606 2426 1698 2501 pre·

68 2591 71 2599 ,
190 2495 280 2574 tiosi
310 2497 385 2574 Dei
403 2496 588 2598 ‚martyris
618 2496 892 2572 Heimmeramt
918 2509 1180 2588 constructae,
1216 2495 1288 2570 abi
1310 2497 1527 2574 venerabile
1555 2524 1698 2598 corpus

192 2592 275 2698 ejus
296 2595 484 2670 miraculis
509 2594 784 2670 declarantibus
805 2603 1043 2692 requiescere
1060 2593 1343 2693 comprobatur,
1368 2598 1556 2695 quandam
1575 2595 1699 2672 nostri
1792 2613 1798 2620 ‘

193 2689 282 2768 'uris
305 2707 453 2768 curtem
476 2690 619 2768 Riute
644 2691 800 2783 dictam,
832 2690 874 2764 in
897 2715 995 2789 pago
1024 2688 1420 2792 Chymengouue,
1443 2703 1485 2768 in
1502 2691 1700 2770 Comitattr

186 2717 357 2866 i‘abonts
386 2795 541 2864 Comitis
564 2789 693 2881 sitam,
738 2813 852 2888 quam
883 2787 1038 2888 quidam
1065 2787 1205 2864 nobilis
1227 2788 1347 2866 homo
1379 2789 1703 2868 Warmundus

192 2911 320 2968 comes
340 2885 466 2974 eidem
489 2884 690 2962 Coenobio
712 2882 893 2974 contulit,
926 2907 1014 2960 curu
1036 2885 1212 2961 omnibus
1236 2883 1486 2986 appendiciis,
1509 2890 1604 2963 vitta
1627 2888 1720 2964 sci-1

128 3003 131 3010 '
190 2979 295 3075 licet,
319 2983 425 3074 areis,
449 2983 561 3078 agris,
592 2981 720 3081 pratis,
751 2981 909 3081 pascuis,
940 2993 1044 3082 aquis
1064 3005 1294 3094 aquarumve
1320 2983 1543 3076 desursibus,
1577 2982 1704 3081 vadis,
1764 2989 1767 2994 '

68 3095 101 3176 J
190 3078 434 3171 molendinis,
460 3078 740 3180 piseationibus,
772 3078 933 3156 exitibus
963 3093 1002 3156 et
1034 3080 1227 3171 aestatibus,
1258 3077 1328 3153 viis
1359 3091 1398 3154 et
1426 3080 1546 3173 inviis,
1578 3107 1705 3181 quae·

147 3271 153 3278 ,
186 3177 329 3266 aitiset
350 3178 593 3280 inquirendis,
618 3179 728 3267 silvis,
753 3169 1028 3267 venationibus,
1053 3175 1199 3251 sarniliis
1225 3175 1338 3252 etiam
1354 3175 1550 3280 utriusque
1573 3204 1706 3274 serus,

194 3275 461 3374 eaeterisque,
525 3301 570 3352 ae
597 3275 772 3374 quolibet
794 3275 912 3350 modo
940 3271 1025 3349 dici-
1044 3292 1107 3350 aut
1136 3272 1250 3348 scribi
1277 3293 1446 3374 possunt,
1470 3274 1707 3359 utilitatibus

191 3373 241 3445 ad
267 3375 428 3447 eandem
494 3385 617 3472 oriem
647 3368 738 3475 jure
769 3388 808 3446 et
835 3369 1006 3467 legaliter
1035 3369 1314 3471 pertinentibus
1349 3397 1419 3476 per
1449 3372 1548 3448 hanc
1577 3370 1708 3485 impe-

191 3466 326 3544 rialem
349 3467 523 3567 paginam
544 3470 584 3543 in
604 3465 799 3579 proprium
823 3471 1012 3562 largimur,
1030 3479 1077 3546 'et
1090 3464 1267 3569 ejusdem
1288 3466 1712 3568 WarmttndiComnis'

140 3631 147 3641 .
194 3563 440 3640 traditionem
464 3581 651 3666 perpetuo
672 3591 759 3670 Jure
778 3563 993 3675 praedictae
1011 3561 1201 3644 Ecclesiae
1221 3565 1497 3660 confirmamus,
1524 3591 1567 3642 ea
1593 3566 1716 3644 vide*

194 3660 284 3739 lice't
299 3660 459 3752 ratione,
484 3683 526 3737 ut
545 3688 617 3740 nec
632 3663 738 3765 Epus
757 3664 926 3766 ejusdem
942 3661 1031 3754 loci,
1055 3663 1237 3764 nullaque
1250 3663 1508 3744 Ecclesiastico
1526 3666 1586 3740 vel
1595 3659 1714 3766 judis

194 3757 306 3838 oiotia
320 3777 480 3859 persona
494 3759 659 3872 aliquam
677 3761 1065 3861 babeat-potestatem,
1078 3770 1408 3861 ‘praenominatam
1429 3773 1577 3836 curtem
1589 3775 1705 3860 prae·

147 3863 156 3933 5
194 3855 410 3934 nominatae
426 3857 620 3936 Ecclesiae
639 3861 785 3936 auterre
804 3859 867 3934 vel
888 3859 1018 3932 usibus
1037 3859 1190 3932 fratrum
1214 3856 1356 3936 ibidem
1378 3858 1449 3932 sub
1471 3856 1707 3935 monachica

32 3958 36 3966 “
193 3954 431 4030 'institutione'
442 3955 528 4030 Deo
550 3953 794 4030 servientium
812 3949 1036 4046 abalienare,
1061 3955 1126 4028 sed
1150 3954 1360 4051 praedictus
1381 3952 1577 4031 llicholsus
1599 3949 1708 4057 ejus·

154 4081 158 4090 ·
195 4051 283 4128 dem
301 4052 382 4126 loci.
397 4053 512 4126 abbas
531 4049 667 4150 suique
676 4049 919 4129 successores
936 4051 1094 4126 liberam
1115 4048 1254 4126 exinde
1273 4051 1438 4130 habeant
1446 4067 1708 4225 potestatem,

195 4145 378 4250 quicquid
400 4147 453 4226 eis
467 4147 661 4250 placuerit,
682 4147 847 4228 faciendi
870 4149 920 4224 ad
938 4147 1138 4251 utilitatem
1159 4151 1427 4228 tantummodo
1462 4162 1606 4248 ratrum
1624 4148 1709 4227 ibi—
1751 4233 1756 4242 ,

26 4216 31 4228 ι

19 4301 80 4332 -“
159 4313 160 4316 ¹

390 4341 395 4352 ι

179 4403 188 4420 Ι

5 4447 10 4456 ι

19 4493 29 4502 ι

261 4430 282 4471 s
