3710 4838
771 302 844 346 w
896 251 966 367 ssa
1016 255 1114 346 'w

56 493 64 500 “
106 517 112 530 =
169 479 319 556 buente
343 445 502 548 domino
529 467 571 546 in
600 471 793 568 posterum
814 478 917 582 ipsos
941 464 1084 546 habere
1116 463 1327 563 contingat,
1347 460 1435 570 jure
1461 463 1679 552 hereditario

161 575 379 652 ,succedant
401 596 447 644 ac
471 569 633 645 eundem
648 565 788 646 Villam
810 567 882 644 srbi
902 577 1093 644 retineant
1114 571 1229 642 titulo
1250 565 1392 642 l'eodali
1412 566 1680 667 possidendam,

99 735 112 742 -
172 673 366 760 utendam,
398 667 611 756 lruendam,
643 689 857 766 eorumque
883 661 995 740 liberi
1025 691 1114 740 cum
1140 663 1383 764 pertinentiis
1414 669 1682 770 suin-pascuis,
1792 696 1802 734 t

172 781 287 944 'iiii
313 765 497 941 iiiii
512 761 1079 938 distillantis
1106 763 1685 942 iiiitiii⁰⁶⁸ii⁶⁸t¹²fii

54 983 56 988 '
172 889 560 1064 iubilempresnbm
579 958 785 1054 Comitem,
808 886 1026 1036 sciliceilode
1045 956 1174 1036 Castel
1200 973 1239 1035 et
1262 888 1422 1034 uxoreis
1435 958 1528 1064 tejus
1545 963 1685 1064 absbue

63 1101 66 1110 ¹
170 1061 299 1141 liberis
325 1062 513 1137 decedere
548 1057 758 1156 contingat,
788 1066 1048 1134 consentimus
1080 1081 1151 1157 per
1171 1070 1377 1158 presentes,
1411 1061 1521 1157 quod
1544 1063 1591 1137 ad
1620 1065 1687 1141 lto·
1812 1107 1813 1110 κ

171 1161 282 1236 redes
307 1157 442 1259 prelati
462 1154 683 1252 Burggravii
706 1172 801 1232 tunc
832 1155 891 1230 sui
913 1165 1160 1260 proximiores
1185 1152 1342 1262 lendum
1365 1158 1581 1269 predictum
1604 1181 1713 1261 per-¹,

64 1300 67 1304 ·
162 1257 302 1346 veniat
326 1255 396 1332 sub
425 1255 544 1334 forma
570 1264 739 1354 superius
767 1277 953 1355 expressa.
1009 1253 1061 1328 Et
1087 1253 1137 1328 ad
1158 1253 1215 1327 'hu
1232 1279 1276 1326 us
1302 1251 1433 1354 scripti
1459 1254 1684 1344 evidentiam
1767 1346 1769 1357 y

170 1369 214 1434 ct
238 1356 358 1433 robur
379 1351 637 1430 indubitatum
663 1370 819 1452 presens
847 1351 1142 1433 instrumentum
1169 1361 1206 1426 ei
1322 1351 1554 1450 Burcgravio
1574 1355 1685 1454 sigilli

113 1493 126 1504 -
170 1463 230 1530 nri
250 1461 462 1532 munimine
493 1451 710 1542 tmdidimus
738 1459 1029 1526 communitum.
1091 1437 1234 1542 Testes,
1266 1461 1307 1525 et
1368 1458 1407 1525 ui
1435 1449 1685 1531 iuterfuerunt
1791 1462 1796 1473 '

202 1550 376 1643 redistis·
397 1559 485 1625 sunt
511 1545 577 1640 hii,
610 1545 759 1626 nobiles
781 1547 851 1624 viri
875 1547 1016 1624 Comes
1041 1543 1238 1622 Gotlridus
1264 1547 1313 1622 de
1338 1477 1457 1654 ienis,
1489 1570 1532 1627 et
1556 1553 1687 1628 Comes
1793 1586 1800 1603 ·

172 1579 336 1728 llmlcbo
362 1647 484 1743 dictus
510 1648 579 1723 der'
598 1643 824 1742 Witdgrare,
857 1645 1063 1726 Heinricus
1092 1645 1142 1722 de
1168 1657 1302 1722 monte
1324 1645 1444 1740 miles,
1478 1663 1516 1732 et
1542 1651 1687 1730 Ludwi-

83 1757 101 1776 ‘'
172 1774 239 1824 wcus
260 1749 309 1823 de
333 1745 528 1844 isenburg,
561 1761 600 1818 et
625 1741 811 1820 Canonici
843 1741 998 1858 qiddam
1028 1738 1197 1844 ejusdem
1218 1742 1402 1834 Ecclesia,
1437 1764 1475 1822 et
1498 1751 1609 1824 multi
1629 1747 1688 1824 alii
1748 1767 1752 1776 ·

173 1845 261 1922 fide'
281 1844 398 1942 digni.
467 1844 611 1938 Datum
644 1839 871 1946 Lugduni
912 1863 1014 1922 anno
1046 1839 1197 1922 dommi
1236 1855 1341 1938 1214
1375 1841 1464 1923 Vn.
1499 1846 1689 1928 Kalendas

171 1943 293 2022 iunii.
529 2002 534 2011 -
848 1967 850 1972 ·
1301 2003 1303 2010 -
1369 1951 1401 1964 ''
1495 2003 1513 2031 .

335 2271 341 2288 .
424 2173 546 2292 'Num
571 2162 713 2290 CLXI.
774 2233 878 2314 1275.
903 2211 1122 2319 9.,Μειῑίῑὶί
1156 2213 1217 2290 Ex
1242 2211 1455 2326 Originally

387 2415 390 2422 ·
498 2443 505 2448 .
567 2385 719 2449 venditio
741 2387 875 2450 duarum
896 2389 1060 2450 curiarum
1080 2388 1113 2448 in
1136 2384 1304 2450 Konnach.
1400 2387 1450 2412 ⁸·

254 2528 354 2607 ⁸llos
378 2527 475 2608 Leo
500 2513 745 2608 miseratione
771 2529 898 2609 divina
925 2529 1120 2636 Ratispon.
1143 2532 1262 2633 Epus,
1284 2528 1470 2610 universis
1499 2543 1689 2637 presentet

174 2629 319 2708 litteras
344 2628 570 2742 inspecturis
592 2632 769 2708 volumus
793 2655 874 2708 esse
893 2643 1049 2723 notum,
1082 2631 1188 2731 quod
1210 2656 1297 2706 oum
1319 2650 1479 2732 propter
1500 2657 1632 2731 graves
1653 2641 1689 2708 ot

98 2787 100 2793 ι
177 2726 339 2804 diversas
365 2751 567 2827 expensas,
601 2755 695 2829 quas
718 2725 877 2806 fecimus
897 2728 1117 2826 Lugduni
1151 2729 1193 2807 in
1222 2727 1398 2805 Concilio
1421 2729 1611 2826 generali,
1653 2738 1690 2805 et

177 2826 295 2900 etiam
320 2823 364 2899 in
387 2825 611 2924 provinciali
639 2825 813 2902 Concilio
842 2825 884 2901 in
911 2827 1150 2924 Salzeburga,v
1196 2852 1242 2904 ac
1272 2827 1401 2902 eundo
1428 2830 1479 2902 ad
1511 2832 1691 2907 illustrem
1732 2827 1735 2832 ’

177 2921 296 3007 dnum
322 2921 373 2996 0.
397 2945 527 3016 regem
558 2921 684 2998 boem
708 2948 778 3024 pro
802 2921 1007 2999 liberandis
1034 2951 1103 3002 nre
1131 2923 1303 3002 Ecclesie
1331 2925 1628 3039 possessionibus
1651 2922 1692 2998 in

176 3021 342 3114 Austris,
368 3045 459 3122 quas
480 3018 582 3097 idem
609 3020 706 3100 dnus
727 3045 795 3112 res
812 3019 889 3098 uris
910 3022 1030 3121 culpis
1050 3021 1268 3100 nullatenus
1288 3023 1531 3120 cingentibus
1555 3023 1691 3102 lecerat

177 3117 373 3218 occupari,
399 3115 556 3195 demum
584 3129 624 3196 et
675 3134 807 3220 ropter
829 3144 1013 3220 expensas
1037 3149 1117 3214 non
1139 3120 1323 3212 modicas,
1355 3147 1447 3220 quas
1476 3121 1635 3199 lecimus
1654 3129 1692 3222 in

43 3287 47 3295 r
178 3215 541 3308 Curiaserenissimi
561 3215 630 3293 dni
649 3146 695 3295 li.
724 3219 986 3292 Romanorum
1012 3218 1110 3316 regis
1135 3218 1237 3320 apud
1257 3219 1294 3292 N
1297 3218 1693 3300 urenberebcelebra·

69 3349 76 3360 =
177 3327 235 3408 ta,
266 3313 329 3392 cui
349 3341 419 3391 nos
441 3315 612 3416 oportuit
638 3315 899 3414 solempniter
911 3315 1113 3406 interesse,
1150 3315 1255 3414 gravi
1283 3317 1508 3392 debitorum
1534 3310 1693 3412 esserum

41 3431 43 3451 ²
155 3436 299 3512 onere
323 3423 551 3514 pregrandi,
578 3413 660 3488 Nos
687 3414 735 3489 ab
758 3411 866 3488 hmoi
891 3413 1028 3490 debitis
1052 3415 1175 3513 saltim
1202 3413 1243 3488 in
1270 3427 1378 3514 parte
1402 3415 1603 3516 cupientes
1626 3435 1691 3488 nos
1816 3439 1817 3452 Ν

179 3531 217 3590 et
246 3535 351 3588 nram
376 3509 585 3587 Ecclesium
610 3513 797 3602 relevare,
831 3510 880 3586 de
904 3511 1062 3588 consilio
1088 3513 1147 3588 nri
1178 3511 1344 3610 Capituli
1372 3525 1412 3589 et
1436 3521 1626 3590 consensu
1651 3533 1693 3584 ao

152 3658 155 3667 ·
180 3607 477 3686 consiliariorum
496 3627 713 3683 nostrorum
736 3605 948 3707 specialiter
964 3605 1175 3709 juratorum
1198 3607 1438 3686 vendidimus
1463 3611 1599 3686 Ultico
1620 3607 1693 3682 Ha·

180 3706 457 3805 chenbergerio
482 3730 629 3804 genero
658 3705 790 3784 dilecti
816 3703 940 3782 fidelis
960 3707 1021 3784 nri
1047 3705 1222 3784 Heinrici
1250 3709 1299 3782 de
1325 3706 1580 3803 Paumganen
1606 3707 1693 3781 duas

76 3819 83 3840 ‘
181 3806 311 3882 Curias
338 3805 380 3880 in
406 3803 617 3881 Cheszna
640 3814 711 3903 pr'o
747 3827 791 3898 52
816 3817 860 3878 tt.
887 3804 1079 3978 Ratispon.
1112 3833 1185 3906 pro
1211 3805 1348 3919 qtribus
1374 3803 1481 3896 bone
1513 3801 1693 3883 memorie

178 3903 283 4003 Epus
311 3900 469 3980 Silridus
524 3902 743 3994 redecessor
766 3916 897 3978 noster
919 3929 988 4003 pre
1018 3903 1107 3979 ictas
1138 3901 1269 3978 Curras
1293 3924 1364 3979 nm
1391 3903 1569 4002 Ecclesie
1596 3926 1691 3978 com·
1816 3985 1817 3988 Ἴ

92 4093 96 4104 ,
180 3999 336 4104 paravit,
358 4027 480 4102 quea
533 4004 618 4101 plus
638 3996 660 4075 6
678 4011 722 4074 tt.
747 3997 831 4074 Rat.
855 3998 1010 4097 singulis
1036 4001 1144 4076 annis
1166 4003 1330 4091 solvunt,
1355 4003 1555 4079 reservata·
1571 4021 1691 4076 temen
1783 4069 1792 4077 .

43 4163 44 4182 r
181 4096 293 4176 nobis
314 4109 354 4174 et
372 4107 449 4174 nris
472 4095 760 4178 Successoribus
813 4113 992 4190 otestate,
1016 4099 1112 4198 ipsas
1136 4100 1276 4190 Curias,
1303 4101 1614 4202 quandocunque
1622 4119 1693 4174 so·
1815 4119 1817 4196 j

43 4199 44 4206 '
181 4196 496 4322 lperimusseisoe
520 4197 658 4278 festum
683 4221 708 4299 p
759 4194 766 4208 '
799 4195 957 4277 utonis
978 4197 1023 4272 B.
1045 4198 1100 4274 Μ.
1123 4195 1172 4282 V.
1196 4197 1406 4296 coemendi,
1436 4199 1516 4278 hoc
1535 4195 1689 4302 adjecto,
1816 4209 1817 4248 ³
