3684 4804
681 315 688 330 ,
811 253 891 300 m
937 235 1024 358 ert·
1055 255 1150 302 m..
1217 313 1227 363 p
1271 239 1274 246 “

29 437 41 444 ‘
79 497 82 508 ,
110 477 115 484 -
224 417 337 506 iudei
354 412 757 518 -itathpon.,ctvttatn
777 431 818 494 et
842 411 1019 490 Diocesis.
1040 411 1247 494 danastro
1271 417 1459 507 mandato,
1494 417 1748 516 sustentata*

220 513 341 613 g'ratia
365 519 431 607 vel
444 511 598 600 indulto
633 525 698 602 aut
722 511 794 599 alia
823 509 1025 616 ocossione
1057 535 1290 614 quacunque.
1308 527 1457 625 sumpta
1486 515 1639 612 anobis
1665 515 1749 612 'vc-3

87 675 96 683 .
220 611 383 694 nerabili
409 613 495 724 Epo
516 609 708 710 Ratispon.
732 608 915 685 Heinrico
934 607 1106 710 ¹Pr'incipi
1131 627 1261 686 nostro
1278 610 1490 703 hausurus,
1516 637 1561 688 ac
1581 613 1736 692 Succes-

222 709 370 785 soribus
399 733 475 784 suis
502 709 718 783 nullatenus
737 705 989 808 rebellabunt,
1022 731 1096 782 neo
1123 709 1237 808 ipsius
1259 709 1322 783 vel
1351 707 1618 800 Successorum
1647 713 1759 786 suo-⁴
1832 759 1837 770 x

221 803 307 884 rum
346 817 385 883 in
414 805 491 880 hoo
522 804 702 878 mandato
736 802 861 902 aliqua
892 801 961 878 lite
992 826 1032 880 se
1060 819 1270 904 opponent,
1304 831 1382 903 quo
1416 807 1538 882 minus
1600 809 1736 887 redisti

222 907 336 983 Jndei
358 901 493 984 diebus
516 898 698 1000 passionis
718 898 879 976 Domini
898 898 1018 975 nostri
1041 902 1114 976 lhu
1129 901 1206 1007 Xpi
1230 900 1272 978 in
1296 901 1467 1002 hospitiis
1486 900 1559 979 suis
1617 919 1735 1000 leant,

1 1085 2 1092 ἵ
132 1095 133 1098 ¹
225 1005 366 1078 clausas
393 1002 492 1082 iores
519 1017 559 1072 et
578 998 760 1076 fenestras
780 1023 862 1072 suas
882 993 1059 1088 habeant,
1082 1022 1156 1072 nec
1176 997 1217 1074 in
1244 997 1336 1074 vicis
1358 1011 1398 1075 et
1421 1000 1553 1098 plateis
1580 999 1735 1102 publica
1782 1087 1789 1094 ,

1 1094 2 1114 ’
39 1114 46 1133 ‘
143 1103 147 1108 ’
223 1098 266 1175 in
288 1091 678 1174 contumeliam'fidei
702 1093 905 1172 christiane
929 1110 1146 1195 appareant,
1181 1113 1219 1170 et
1243 1094 1285 1170 in
1309 1094 1402 1186 aliis,
1436 1121 1511 1197 que
1536 1095 1634 1174 circa
1658 1099 1735 1176 hoc

129 1264 132 1269 .
224 1195 272 1270 ab
297 1185 467 1272 Ecclesia
491 1207 580 1286 sunt
602 1205 753 1286 statuta,
788 1192 967 1270 mandato
992 1187 1162 1291 ejusdem
1186 1190 1262 1292 Epi
1284 1215 1522 1294 suorumque
1538 1195 1736 1274 Successo-
1777 1197 1780 1204 ’

90 1335 96 1342 -
224 1315 309 1368 rum
340 1302 562 1368 reverenter
593 1287 775 1364 obediant
810 1307 849 1366 et
883 1287 1094 1363 intendant.
1154 1287 1198 1360 In
1237 1282 1345 1388 eujus
1381 1290 1437 1364 rei
1474 1303 1736 1374 testimouium

25 1381 44 1458 .“
79 1431 87 1440 -
175 1423 183 1430 ·
221 1412 376 1491 presens
400 1396 579 1484 scriptum
605 1383 812 1484 Maiestatis
842 1401 972 1458 nostre
996 1380 1128 1477 sigilio
1158 1377 1331 1484 jussimus
1364 1379 1603 1467 communiri.
1660 1391 1737 1467 Da·
1780 1401 1783 1406 '

147 1547 152 1557 .
223 1506 308 1564 tum
333 1484 539 1588 Rampone
562 1480 630 1566 itt.
655 1482 786 1560 Nonas
809 1479 913 1574 Julii,
939 1478 1156 1558 indictione
1180 1479 1244 1555 tx.
1268 1505 1372 1562 anno
1400 1481 1504 1564 1281.
1570 1539 1575 1550 1

795 1691 1190 1728 -a--u--h-u-
1240 1721 1243 1726 .

467 1888 583 1965 uum.
608 1821 793 1966 novur.
829 1825 954 1965 'aar
980 1887 1038 1964 aa.
1063 1871 1157 1962 rurs
1179 1903 1184 1912 ·
1204 1887 1265 1966 Ex
1291 1857 1490 1984 originali.
1523 1979 1525 1984 v

164 2103 174 2126 .
223 2061 422 2143 Privileglurn
450 2061 513 2162 ‘Epi
537 2057 676 2132 henrici
698 2078 736 2122 uc
754 2059 850 2122 Ducit
873 2058 1003 2120 Raurici
1046 2059 1155 2131 datura
1179 2058 1298 2120 civibus
1324 2017 1486 2126 Ratisbou·
1506 2073 1602 2140 super
1623 2059 1747 2143 intutu!
1790 2089 1795 2098 ·

211 2166 220 2192 ‘
839 2165 938 2226 nitate
966 2165 1115 2224 thelonei·
1500 2157 1508 2168 ’

61 2373 64 2378 ,
101 2407 105 2416 .
321 2319 402 2398 Nos
428 2320 689 2402 Heinricus
715 2319 779 2402 dei
799 2347 865 2420 gra
888 2321 1084 2436 Ratispon.
1108 2319 1226 2423 Epus,
1251 2331 1291 2398 et
1315 2317 1574 2423 Heinrious
1599 2321 1752 2411 eedem
1788 2320 1802 2330 ’

93 2453 95 2458 ’
222 2443 288 2519 gra
309 2420 424 2495 Palat.
448 2421 590 2502 Comes
615 2419 726 2513 Reni,
750 2421 828 2494 dux
856 2419 1044 2514 Bavvarre,
1076 2417 1261 2514 universis
1288 2431 1484 2520 presentes
1513 2420 1656 2496 litteras
1679 2425 1762 2500 in·‘

225 2528 412 2618 spectaris
435 2515 613 2592 volumus
635 2543 717 2593 esse
737 2528 887 2609 notum,
920 2517 1026 2616 quod
1048 2539 1118 2594 nos
1143 2517 1385 2608 advertentes
1411 2528 1517 2610 grata
1541 2516 1749 2616 obsequia.
1795 2573 1798 2580 -

201 2639 301 2714 ‘que
323 2613 433 2690 nobis
460 2609 572 2688 Cives
594 2611 788 2712 Ratispon.
808 2612 993 2696 hactenus
1016 2612 1286 2703 exhibuerunt,
1319 2611 1421 2704 etin
1446 2625 1641 2711 posterum
1672 2639 1756 2689 ex·v

99 2792 106 2800 ,
223 2710 360 2788 hibere
415 2721 571 2784 oterunt
599 2709 773 2805 gratiora,
805 2707 1166 2807 propteripsorum
1184 2708 1426 2784 honestatem
1452 2707 1540 2810 jura
1566 2714 1735 2790 Civitatis

180 2887 185 2904 ,
223 2735 566 2886 eorum'duximus
588 2804 812 2904 amplianda,
844 2803 932 2905 ipsis
965 2803 1157 2901 degratia
1183 2831 1260 2881 nra.
1276 2819 1473 2884 annuente
1498 2807 1735 2888 serenissimi

221 2905 291 2982 dni
306 2902 364 2980 nri
379 2900 535 2978 liudolfi
555 2902 814 2978 Romanorum
826 2901 943 2998 Regis
963 2900 1202 3002 beneplacito
1225 2915 1265 2981 et
1286 2927 1474 2981 consensu
1493 2903 1592 2980 haue
1611 2904 1736 2982 indul.

223 3012 339 3078 simus
358 2999 584 3090 libertatem,
618 3001 724 3116 quod
769 2999 965 3104 uiounque
985 3014 1089 3075 extra
1108 2997 1290 3086 terminos
1311 2997 1470 3076 ducatus
1485 3000 1658 3076 Bawarie
1677 3026 1758 3097 re·;

222 3101 348 3175 sidens
374 3123 393 3171 a
424 3099 474 3171 ud
497 3107 594 3196 ipsos
614 3103 727 3174 (aives
745 3027 850 3173 batis
905 3121 1041 3172 nenses
1062 3112 1239 3198 receptus
1265 3094 1380 3179 fuerit
1399 3106 1439 3169 in
1457 3096 1677 3192 concivem,
1694 3115 1756 3176 et·
1825 3150 1828 3169 .

222 3207 263 3271 iu
282 3207 359 3294 ipsa
375 3124 535 3269 civitate
549 3219 619 3294 per
639 3219 782 3280 annum
801 3215 840 3272 et
885 3195 958 3269 'em
975 3217 1062 3267 cum
1076 3195 1164 3268 ioco
1207 3183 1749 3293 roprlotanqudmnCivtstue,
1789 3195 1825 3216 ²

221 3293 272 3372 rit
292 3307 558 3375 commoratus,
585 3289 764 3389 deinceps
780 3293 876 3365 sicut
885 3291 997 3368 Cives
1017 3299 1134 3386 ceteri
1154 3218 1205 3369 ab
1225 3284 1331 3362 omni
1347 3289 1529 3366 theloneo
1547 3298 1754 3370 consueto.

221 3413 293 3490 per
310 3413 380 3462 nos
400 3395 516 3483 recipi
541 3386 764 3486 Ratlspone‚
789 3383 987 3463 liberasse
1010 3387 1125 3480 debet
1146 3394 1296 3483 penitus
1318 3396 1356 3460 et
1380 3388 1535 3463 solutus.
1580 3388 1621 3462 Sl
1640 3415 1756 3486 veto,

254 3485 312 3560 uis
337 3481 527 3562 dictorum
547 3481 699 3560 Civium
724 3483 772 3558 de
799 3483 930 3558 eadem
953 3479 1116 3561 Civitate
1147 3485 1251 3556 extra
1277 3479 1458 3557 firminus
1478 3485 1633 3565 ducatus
1652 3511 1758 3586 pre-,5

253 3583 317 3658 'cti
349 3583 581 3657 domicilium
611 3605 723 3662 suum
749 3590 952 3678 receperit,
984 3595 1024 3659 et
1052 3579 1193 3654 ibidem
1220 3571 1479 3678 permanserit·
1520 3607 1734 3678 crannum

224 3697 264 3754 et
295 3677 409 3770 diem,
441 3677 566 3752 statim
591 3679 734 3778 prefata
759 3673 967 3776 privabitur
994 3673 1182 3765 hbertate,
1216 3675 1311 3752 etsi
1337 3677 1384 3751 ad
1406 3702 1476 3753 ean
1505 3703 1565 3754 em
1597 3679 1757 3758 Civita'-*

223 3793 304 3850 tem
329 3799 500 3850 reversus
523 3773 637 3854 faerit
659 3789 698 3852 et
721 3799 790 3875 per
814 3801 958 3853 aunum
985 3789 1024 3852 et
1052 3771 1153 3850 diem
1185 3771 1330 3850 ibidem
1345 3775 1619 3861 -steterittbcum
1645 3777 1733 3855 foco

133 3940 141 3952 ,
223 3880 321 3948 sicut
345 3870 463 3963 civis,
487 3870 610 3973 ¹prout
634 3869 806 3972 superius
831 3885 887 3948 est
912 3873 1138 3970 cipressum,
1171 3877 1378 3948 memorata
1404 3871 1578 3950 libertate
1599 3877 1732 3975 plena·
1770 3879 1775 3886 ’

154 4034 158 4040 .
223 3967 281 4068 rie
307 3965 531 4068 perfruetur.
583 3974 626 4046 ln
655 3968 763 4070 eujus
787 3969 970 4049 libertatis
996 3983 1035 4044 et
1062 3968 1182 4064 gratie
1207 3968 1560 4055 uretestimouium
1580 3995 1734 4072 presens

191 4126 196 4132 .
223 4075 404 4168 scripturn
435 4063 573 4144 confici
601 4067 743 4168 placuit
769 4078 807 4144 ct
827 4065 1043 4168 Sigillorum
1066 4091 1235 4162 urorum,
1264 4090 1339 4169 nec
1366 4069 1449 4160 usn
1477 4064 1741 4170 capitulae

974 4205 1063 4278 ,tt
