3648 4850
669 327 674 330 ·
777 307 856 370 sm
905 299 974 390 tte
1020 303 1100 358 -es-
1208 283 1214 294 “
1297 357 1304 366 .

182 531 189 559 .,
298 476 357 540 tv.
382 475 570 548 modern
587 469 743 541 iuverim
762 494 821 554 pro
841 476 924 558 aege
942 475 1103 550 morato,
1119 471 1159 538 ad
1180 436 1575 540 numerosiori-ten·
1624 523 1627 534 .

184 647 188 657 ’
282 621 449 698 Martino
475 617 691 696 fidelissimo
714 618 861 696 custodi
881 621 1144 698 thesaurorum
1170 629 1286 694 sancti
1312 616 1519 712 Ambrosii,
1551 615 1691 696 Paulus
1800 648 1808 656 ·

163 737 225 806 ,et
253 719 506 796 ,Gebehardus
538 717 682 793 intimi·
701 718 902 811 dilectores
933 715 1032 819 ejus,
1072 715 1330 791 Ambrosianis
1356 715 1694 796 intercessionibus
1806 798 1815 820 ἱ

81 833 86 848 ’
177 812 441 917 rediritegrare
469 817 711 915 (cupientes)
746 815 930 916 quidquid
957 825 1177 914 corruptum
1215 828 1272 890 est
1302 813 1535 912 perfidorum
1564 826 1693 888 conta·
1779 853 1798 910 ρ

182 917 310 1014 gione.
363 915 479 1012 Quod
501 912 665 1008 Agereni
690 912 810 988 nostri
835 931 914 986 tam
937 911 1005 986 diu
1029 911 1188 987 illudere
1208 923 1419 1011 potuerunt
1436 909 1693 986 nobilissimae
1761 985 1767 991 ,

124 1020 128 1039 ”
183 1010 741 1118 MediolanensiumEcclesiae,
763 1009 855 1084 scias
870 1036 940 1084 nos
951 1009 1203 1084 vehementer
1218 1005 1423 1082 ‘admiratos
1436 1008 1606 1103 ¹grauiter
1627 1010 1696 1083 do-
1759 1099 1760 1102 Ἴ

182 1111 307 1203 luisse,
333 1131 548 1210 magnoque
569 1129 724 1206 stupore
744 1105 892 1182 deliros
913 1104 1104 1182 scribendi
1119 1107 1166 1180 ad
1187 1120 1226 1182 te
1242 1108 1557 1181 consuetudinem
1579 1117 1696 1180 inter-

183 1217 333 1284 misisse.
366 1211 505 1287 'Nunc
525 1229 618 1280 vero
642 1203 730 1304 quia
756 1204 859 1279 beati
880 1203 1071 1278 Ambrosii
1098 1202 1241 1278 meritis
1264 1213 1412 1278 cessisse
1434 1202 1612 1277 seruntur
1636 1205 1692 1278 ls-

182 1303 403 1396 rnahelitae,
443 1318 482 1380 et
507 1299 694 1398 ingenuae
724 1301 1000 1376 retractationis
1023 1304 1155 1376 lumen
1183 1300 1322 1376 dicitur
1353 1300 1558 1394 rehrlsisse,
1596 1299 1695 1376 libet
1763 1350 1771 1375 r

165 1399 323 1476 itemm
344 1400 508 1494 scribere
532 1397 683 1474 caritati
698 1415 795 1490 tuae,
821 1399 1014 1474 hortantes
1035 1413 1073 1477 te
1095 1397 1274 1498 deinceps
1296 1397 1551 1472 Ambrosiauo·
1568 1421 1699 1472 enerra—

89 1573 93 1580 .
129 1541 141 1554 α
180 1500 249 1598 plo
266 1489 469 1574 'declinare
494 1495 712 1591 Eug'enium'
746 1511 786 1570 ei
824 1496 1006 1595 amplecti
1038 1497 1321 1586 Theodosium3
1372 1494 1484 1568 nobis
1522 1517 1692 1592 quoque,

133 1647 143 1664 κ
181 1595 279 1670 sicut
306 1595 704 1696 saepiuspostulatum
725 1605 767 1676 et
789 1595 985 1668 laudatum
1009 1605 1082 1684 est,
1115 1592 1308 1690 duplicem
1332 1591 1604 1684 Ambrosianae
1632 1611 1701 1663 au·

16 1731 18 1738 ¹
86 1699 106 1728 '¹
170 1685 368 1768 ctoritatis
395 1687 823 1790 Antiphonarium,
861 1687 1257 1766 Dimum-videlicet
1282 1705 1320 1764 et
1344 1685 1585 1782 Nocturnum
1612 1686 1698 1765 sine

180 1812 287 1865 mora
312 1788 565 1888 transmittere
587 1789 881 1884 comparandum
904 1786 1205 1900 a³praeseutium
1224 1789 1369 1876 latore,
1409 1799 1578 1884 exceptis
1610 1811 1698 1860 ora-

111 1935 120 1950 ,
181 1885 362 1974 tionibus,
389 1911 480 1984 quus
495 1878 574 1986 jam
596 1883 737 1974 misisti,
764 1886 988 1987 ethymms,
1015 1911 1176 1984 quorum
1201 1910 1282 1959 non
1303 1896 1428 1958 minor
1449 1883 1560 1983 copia
1582 1881 1696 1956 uobis
1804 1919 1813 1934 ·

182 1995 250 2074 eii,
268 2007 390 2083 ,quam
411 1980 490 2056 tibi.
533 1983 728 2062 ¹Nostmm
752 1980 842 2074 erit,
868 1983 1053 2078 cogitare,
1078 1997 1122 2056 ut
1144 1979 1421 2077 ingratitudinis
1442 2007 1524 2056 non
1543 2003 1707 2056 accusez

109 2105 124 2168 ¹,
180 2101 274 2155 mur
293 2105 320 2151 n
400 2097 588 2154 centua
618 2075 1131 2180 benevolentia,'nequeex
1159 2093 1285 2158 nostra
1313 2075 1557 2172 conscicntia.
1632 2077 1699 2152 De

161 2188 335 2270 ¹caetero
398 2175 548 2250 ominus
569 2177 754 2250 custodiat
782 2187 821 2251 te
841 2174 889 2248 ab
915 2176 1022 2250 omui
1049 2178 1169 2268 malo,
1195 2175 1383 2251 custodiat
1402 2187 1565 2250 ammam
1591 2186 1699 2252 tuam

181 2271 393 2366 Dominus,
409 2272 512 2349 beati
533 2271 724 2348 Ambrosii
745 2271 964 2374 patrociniis
983 2295 1096 2379 super
1116 2285 1155 2350 te
1181 2267 1436 2370 vigilantibus.
1580 2275 1593 2292 ⁸

191 2495 198 2512 ·
221 2475 263 2546 Y.
289 2476 414 2539 Relatio
432 2473 563 2574 hinnitu
583 2475 768 2548 Sacerdotis,
795 2479 1013 2538 thesaurorum
1033 2474 1063 2534 S.
1085 2475 1246 2539 Ambrosii
1266 2475 1400 2540 custodia
1420 2472 1460 2536 ad
1481 2477 1654 2538 carissimos

191 2589 200 2596 “
544 2579 675 2640 tratres
695 2587 727 2639 et
745 2583 858 2641 amicos
880 2583 1008 2643 Paulum
1030 2592 1061 2644 et
1082 2582 1312 2661 Gebehardum·
1342 2653 1346 2662 Ι

191 2785 195 2792 .
285 2721 517 2802 Gebchardo
548 2735 586 2824 ct
612 2726 741 2816 Paulo,
762 2724 1042 2807 venerabilibus
1068 2724 1244 2801 iratribus
1259 2736 1311 2811 „et
1338 2723 1479 2816 amicis,
1505 2724 1696 2800 Martinus
1777 2737 1781 2742 '

11 2873 13 2881 ι
131 2857 136 2865 ·
179 2823 440 2904 thesaurorum
471 2823 574 2897 beati
601 2821 792 2897 Ambrosii
821 2843 961 2914 custos,
1003 2825 1045 2902 in
1072 2848 1193 2920 agone
1223 2821 1327 2898 fideli
1362 2823 1564 2922 persistere
1599 2835 1639 2897 et
1671 2849 1704 2908 a,

19 3011 25 3020 Ι
109 2940 112 2944 ·
179 2917 346 3015 uestigiis
374 2918 474 2995 beati
497 2918 601 2994 Petri
621 2945 702 2994 non
721 2921 883 2996 deviare
933 2921 1052 3026 Quod
1078 2925 1126 2998 de
1149 2919 1281 2997 vestris
1302 2918 1495 3014 Agerenis,
1521 2915 1585 3018 qui
1609 2929 1725 3020 pro-1,
1800 2990 1805 2998 .

178 3022 291 3120 eelyti
312 3041 379 3093 seu
402 3042 495 3092 rana
512 3019 619 3091 vallis
640 3042 721 3092 esse
743 3018 973 3115 probantur,
996 3021 1247 3094 intimandum
1267 3017 1570 3104 transscribendo
1589 3027 1697 3092 inve-

77 3183 84 3194 .
180 3113 546 3214 cliveprocurastis,
572 3141 676 3192 nunc
702 3141 723 3189 a
749 3114 863 3189 nobis
885 3117 1128 3190 rescribendo
1152 3139 1233 3189 rem
1261 3125 1300 3188 ei
1322 3123 1379 3188 rei
1399 3139 1547 3188 causam
1573 3114 1694 3188 susci·

180 3212 299 3311 piatis.
351 3217 394 3287 ln
422 3211 574 3288 deserto
595 3213 697 3288 cuim
722 3216 886 3324 populus
907 3212 1057 3288 rebellis
1083 3225 1122 3285 et
1145 3212 1356 3286 incredulus
1380 3235 1428 3288 ex
1449 3212 1577 3284 Aaron
1598 3209 1697 3305 ‹tigi-

165 3309 229 3384 ·tis
255 3308 418 3382 vitulum
439 3307 671 3386 conflatilem
689 3333 749 3383 ex
778 3334 866 3406 igne
896 3323 934 3385 et
966 3335 1061 3384 auro
1081 3309 1130 3382 ad
1153 3335 1259 3382 suam
1284 3307 1594 3408 superstitionem
1617 3307 1693 3384 sibi
1792 3377 1797 3384 .

181 3403 382 3494 conflavit,
407 3405 521 3502 ipsius
539 3427 667 3482 tamen
688 3407 877 3481 Aaronsset
900 3405 986 3480 Hur
1008 3405 1240 3482 conscientia
1259 3417 1454 3507 totiusque
1478 3415 1599 3504 stirpis
1619 3405 1695 3480 Le·

180 3501 319 3580 citicae
340 3525 428 3574 sana
446 3501 606 3576 interius
629 3501 829 3588 existente,
853 3513 1083 3580 conscientia
1099 3515 1377 3598 intemerataet
1394 3505 1592 3602 impolluta
1608 3526 1695 3601 per-

81 3681 87 3688 ,
179 3595 325 3674 mansit.
375 3599 669 3697 lmulsiquippe
690 3599 824 3700 populi
844 3625 1037 3676 vocenon
1053 3601 1444 3676 minusacclamantc:
1473 3600 1693 3674 ilii-sunt

115 3775 121 3784 ,
180 3696 249 3781 dii
282 3693 353 3768 tui
386 3696 550 3786 Israel,
586 3694 666 3795 qui
700 3699 968 3772 eduxerunt
1001 3717 1047 3775 te
1081 3701 1137 3773 de
1162 3713 1285 3774 terra
1310 3697 1520 3800 Aegypti
1551 3710 1598 3774 et
1630 3699 1690 3772 de

180 3791 607 3876 domoserritutis.
665 3793 812 3868 Eadem
831 3821 922 3870 vero
946 3795 1094 3872 ratione
1120 3791 1336 3870 Siocimitae
1363 3795 1691 3876 contritionum
1791 3819 1803 3826 ·

51 3889 53 3894 ’
181 3883 305 3972 filium
329 3888 534 3991 Hierobaal
559 3888 786 3986 legitimum,
803 3891 1174 3970 Abimelech'lilium
1195 3888 1365 3994 ejusdem
1388 3890 1603 3983 Gedeonis,
1624 3890 1694 3964 ali·

181 4013 254 4085 qus
283 4002 413 4062 tamen
442 3985 512 4058 sibi
539 4001 709 4090 materna
735 3996 1061 4086 consanguinitate
1088 3983 1335 4088 conjunctum
1361 3998 1443 4062 sinc
1470 3989 1601 4087 aliquo
1632 4012 1695 4062 rc·

179 4097 313 4178 spectu
337 4083 412 4158 Dei
433 4079 506 4158 sibi
532 4082 729 4166 dominum
760 4088 1062 4180 constituerunt,
1095 4083 1311 4162 intersectis
1342 4085 1579 4184 septuaginta
1604 4081 1699 4178 filiis

171 4179 386 4258 ‘Hierobaal
404 4203 520 4278 super
538 4182 703 4280 lapidem
724 4199 845 4258 uuum
862 4197 935 4264 etc.
960 4263 967 4276 ,
