3710 4838
748 259 1069 354 ‘essse

149 447 300 530 posim,
331 429 438 536 qdod
465 453 553 532 cum
576 426 797 546 Capitulum
822 449 996 514 nostium
1030 431 1235 550 proliano
1261 433 1363 537 pacis
1393 445 1436 516 et
1463 425 1665 542 concordie

26 555 37 572 '
68 561 73 568 ·
151 561 267 640 super
294 531 466 610 iacienda
502 529 719 648 provisione
755 529 804 608 de
834 531 1006 609 Ecclesia
1036 560 1079 610 iii
1111 533 1479 632 Hoichtrchem
1508 563 1582 641 que
1608 563 1659 616 eii
1722 625 1723 634 χ

27 647 36 706 l
150 655 275 720 morie
295 626 496 708 Berhtoldi
521 629 569 722 de
590 626 815 707 Obemdori
837 628 957 706 felicis
977 630 1163 708 memorie
1185 649 1318 711 veerte
1340 647 1505 734 ceperat,
1528 636 1568 713 in
1590 661 1677 738 qus-

150 737 265 822 etiarn
291 725 461 806 Ecclesia
490 725 594 804 idem
626 723 845 828 Capitulum
876 724 934 830 jus
972 727 1123 806 obtinet
1149 739 1383 830 patronatus,
1418 733 1461 809 in
1487 761 1557 811 nos
1583 749 1662 812 tan-

149 859 266 938 quam
297 830 338 906 in
373 826 535 902 arbitror
566 823 790 902 contulisset
826 825 1060 905 unanimiter
1095 839 1136 905 et
1172 828 1415 908 concorditer
1453 845 1543 910 vote
1576 859 1661 912 susi

138 959 220 1124 pos
243 927 453 1004 accedente
477 935 701 1004 auctoritate
728 938 768 999 et
790 949 977 1003 consensu
1001 924 1228 1042 venerabilia
1245 928 1364 1042 patris
1393 941 1433 1008 et
1458 931 1525 1007 dni
1544 931 1687 1011 nostri.
1780 975 1781 978 ¹

192 1027 329 1108 eonii
355 1025 601 1124 Ratisponeii
622 1019 717 1123 Epi,
746 1021 1026 1106 ordinationem
1052 1045 1091 1102 et
1116 1047 1373 1127 provisionem
1398 1028 1453 1104 de
1467 1016 1661 1130 pienotata

146 1129 318 1212 Ecclesia
338 1121 550 1200 faciendam
569 1120 747 1198 duximus
768 1119 811 1198 iri
833 1117 939 1212 bunc
960 1123 1136 1218 modum3
1169 1122 1368 1202 statuimus
1394 1136 1497 1204 enim
1524 1153 1574 1206 ex
1598 1155 1662 1204 no·

62 1277 68 1288 1
147 1228 207 1306 bis
226 1223 575 1322 tradita'potestate,
601 1219 708 1318 quod
732 1275 741 1294 .
768 1271 779 1298 .
806 1221 986 1297 diaconus
1010 1219 1111 1298 filius
1130 1223 1324 1323 qnondam
1339 1219 1522 1304 officiatis
1542 1225 1663 1304 nostri

148 1325 193 1410 in
233 1318 497 1422 Holchiiclien
532 1315 742 1418 presentari
771 1318 910 1396 debeat
941 1345 989 1397 ec
1016 1319 1167 1406 institui
1194 1345 1265 1427 pro
1298 1337 1486 1424 perpetuo
1517 1325 1663 1410 Vieario

147 1436 191 1506 tn
208 1418 379 1506 Ecclesia
400 1429 608 1503 memorata
638 1415 708 1492 sub
728 1441 847 1495 onere
866 1424 1071 1514 consueto,
1102 1444 1170 1497 sex
1191 1418 1400 1496 solidorum
1420 1423 1575 1515 scillcet,
1601 1421 1667 1538 qui

147 1521 245 1614 solvi
270 1545 341 1621 pro
366 1515 618 1615 assignatione
637 1513 801 1594 clavium
827 1530 1117 1611 consueverunt,
1148 1516 1212 1610 ita,
1237 1519 1344 1618 quod
1367 1518 1473 1596 idem
1493 1521 1663 1613 vicanus

146 1629 234 1739 post
259 1619 495 1718 completum
520 1611 741 1706 terminum,
772 1614 882 1728 quia
911 1615 1008 1694 festo
1036 1609 1311 1716 purificationis
1330 1607 1456 1716 nuper
1482 1620 1664 1720 preterito

145 1717 303 1819 incepit,
338 1726 378 1793 et
393 1733 477 1788 'tarn
502 1738 573 1814 pro
601 1721 877 1790 restauratlone
902 1725 1033 1790 nostre
1058 1715 1212 1806 labrire,
1235 1723 1354 1814 quam
1376 1741 1448 1814 pro
1477 1717 1670 1796 solvendis

144 1816 288 1896 debitis
306 1809 507 1927 supradicti
526 1808 736 1886 Berlitoidi·
754 1811 803 1888 de
825 1809 1046 1890 Obemdorl
1070 1813 1211 1890 dilecto
1234 1812 1414 1916 conbntri
1437 1836 1570 1892 nostro
1592 1817 1667 1892 itu-

58 1922 62 1938 “
144 1916 261 1996 lando
289 1931 462 2016 quinque
492 1905 605 1984 libras
637 1907 833 2008 Ratispon.
863 1908 906 1987 iii
940 1934 1098 1986 omnem
1130 1923 1311 1988 eventum
1345 1915 1535 2012 penninas
1564 1925 1667 1990 annis
1731 2001 1738 2008 ,

143 2009 302 2110 singulis
322 2009 372 2100 do
387 2005 637 2122 proventibus
655 2005 772 2106 ipsius
786 2007 956 2106 Ecclesie
975 2007 1148 2084 terminis
1170 2007 1397 2101 constitutis,
1420 2009 1606 2090 videlicet
1628 2023 1669 2089 in

143 2113 243 2190 festo
269 2104 398 2203 Egidii
429 2106 519 2180 duas
546 2101 672 2192 libras,
699 2103 747 2179 'in
774 2103 870 2182 festo
898 2103 1098 2190 Michaelis
1121 2129 1235 2180 unani
1249 2105 1406 2204 libram,
1433 2121 1474 2185 et
1508 2109 1670 2207 inNati·
1733 2174 1735 2181 ,

142 2209 265 2290 vitate
285 2201 447 2296 Domini
478 2203 567 2278 duas
600 2201 764 2314 reliquas
791 2200 954 2278 nomine
971 2213 1192 2304 pensionis
1230 2203 1273 2280 in
1306 2229 1381 2306 qua
1409 2208 1610 2288 solutione
1638 2204 1669 2283 si

142 2305 260 2387 fuerit
284 2301 481 2400 negligens
509 2301 574 2379 rcl
597 2323 783 2389 remissus,
813 2309 1000 2400 quantum
1026 2302 1074 2376 ad
1093 2300 1288 2394 terminos,
1315 2301 1389 2403 'qui
1407 2303 1591 2386 faciende
1614 2331 1671 2382 so·

143 2400 285 2486 lutioni
312 2397 504 2502 pensionis
537 2411 624 2472 sunt
653 2396 825 2506 superius
852 2396 1048 2500 pretaxati,
1079 2397 1203 2477 solvet
1233 2397 1317 2478 sinc
1350 2399 1526 2500 qualibet
1558 2429 1671 2482 excu-
1765 2425 1766 2428 ’

143 2512 291 2594 satione
317 2517 448 2574 nostre
468 2494 610 2572 fabrice
637 2495 729 2570 duas
759 2493 885 2588 libres,
918 2507 958 2574 et
988 2493 1059 2596 ipsi
1078 2493 1254 2576 Rulando
1283 2498 1483 2576 tenebitur
1509 2501 1670 2582 nichilo

143 2601 271 2678 minus
302 2599 379 2672 hoc
406 2619 488 2672 noa
520 2591 695 2669 obstante
728 2595 778 2680 ad
811 2591 998 2691 integram
1026 2595 1263 2698 pensionem.
1329 2595 1484 2678 verum
1521 2599 1555 2676 si
1588 2623 1671 2704 pte·

143 2699 290 2776 dictum
323 2691 544 2771 Rolandum
578 2689 717 2769 cedere
740 2693 806 2770 vel
840 2690 1041 2796 decedere,
1074 2694 1190 2794 ‘quod
1207 2691 1319 2788 ,absis
1343 2695 1570 2794 continget,
1609 2699 1671 2776 vel

128 2795 261 2890 ,etiam
283 2791 331 2867 ad
350 2788 529 2906 pinguius
551 2785 798 2883 beneficium,
824 2788 930 2892 quod
948 2791 999 2875 id
1015 2789 1147 2868 ‘minus
1169 2791 1308 2872 decem
1327 2791 1439 2870 libras
1463 2789 1670 2894 persolvat,

145 2888 439 2996 quomodolibet
465 2887 683 2988 pervenire,
708 2891 897 2970 ¹nolumus
927 2901 966 2965 et
998 2888 1234 2983 ordinamus,
1266 2902 1311 2966 ut
1342 2909 1391 2966 ex
1419 2903 1521 2969 tunc
1550 2905 1670 2975 cesset
1716 2903 1718 2908 '

144 2985 347 3078 ordinatio,
380 3011 495 3087 quain
532 2985 631 3074 circa
663 2983 788 3088 ipsum
816 2985 1034 3061 Riil'andum
1068 2986 1110 3061 in
1141 2987 1434 3064 hmoi‘fecimus
1464 2993 1687 3092 pensione‚³'

143 3086 288 3202 etipse
315 3083 397 3160 sine
425 3081 726 3184 contradictione
759 3083 873 3190 cedet
898 3084 1005 3159 omni
1024 3079 1112 3184 juri,
1146 3085 1251 3198 quod
1276 3082 1348 3160 sibi
1378 3110 1426 3162 ex
1452 3103 1590 3165 nostro
1616 3115 1671 3164 ar·
1711 3089 1717 3098 '

142 3185 260 3262 bitrio
295 3193 335 3260 in
360 3179 610 3286 perceptione
640 3177 662 3255 ὁ
694 3180 872 3257 libiarum
897 3182 1020 3257 luerat
1050 3181 1290 3282 acquisitum,
1314 3180 1377 3275 ita,
1412 3189 1524 3284 quod
1554 3186 1671 3270 benc·

144 3277 273 3361 licium
287 3278 488 3382 ,pensionis
508 3278 769 3380 perdictaiuin
791 3277 1015 3354 iustarum
1037 3278 1218 3359 videlicet
1239 3282 1287 3356 ad
1309 3273 1480 3362 officium
1503 3276 1677 3378 diaconi,

145 3380 212 3482 qui
235 3379 422 3454 cantando
447 3395 487 3454 et
507 3379 673 3472 legendo
697 3374 828 3458 Chore
853 3395 984 3457 nostro
1011 3377 1206 3468 deserviat,
1228 3400 1419 3492 perpetuo
1451 3383 1672 3475 'ertinebit,

121 3478 213 3582 ‚qui
243 3477 358 3556 etiam
391 3474 572 3584 diaconus
604 3475 654 3550 ad
679 3473 757 3550 hoo
789 3469 969 3586 Officium
1004 3495 1043 3552 et
1072 3473 1305 3554 beneficium
1337 3497 1406 3578 per
1438 3407 1670 3581 baptistam

145 3575 328 3674 eligetur·
360 3573 462 3670 ,loc
503 3595 548 3666 ira
574 3571 632 3674 ᾖς’
652 3571 916 3678 testimumusn
944 3583 1141 3673 presentes
1172 3573 1317 3653 litteras
1344 3571 1488 3653 confici
1513 3579 1671 3682 placuit,
1708 3619 1712 3638 ,

76 3760 78 3768 s
144 3687 186 3753 ct
208 3671 340 3772 tigillo
361 3665 442 3746 nni
464 3598 554 3846 Elpi,
587 3693 660 3745 nec
687 3696 769 3748 non
793 3665 926 3767 Sigillo
955 3669 1079 3747 nostri
1104 3665 1505 3772 capituii‘iohoraiaa
1570 3679 1608 3756 A

142 3783 234 3865 sunt
255 3773 330 3854 hec
353 3792 456 3854 anno
522 3765 643 3848 omini
662 3766 849 3851 trattati.
874 3767 1065 3875 Kalendas
1088 3769 1233 3898 Martiip
1577 3817 1585 3822 -
1615 3845 1618 3850 .

518 4026 521 4046 ξ
565 3929 788 4044 Πυοιδίςὶῖἰο
812 3949 911 4016 ualde
932 3949 1026 4037 losio
1046 3933 1271 4041 adpendens
1403 3963 1425 4058 δ’
1493 3939 1496 3944 ’
1574 3935 1583 3942 ’
