3710 4838
697 211 1279 368 ‘ssrtr‘rs

79 484 85 488 ·
167 501 170 514 ·
217 455 402 530 continue
424 441 490 525 'vel
508 444 718 529 successive
742 445 790 526 ab
811 444 943 526 Eeclia
959 470 1040 544 nra,
1065 447 1307 566 preterquam
1331 447 1374 529 in
1392 445 1587 550 legatione
1605 449 1728 560 Capti,
1845 473 1852 496 ²

218 551 351 633 dolose
366 549 429 624 vel
448 546 615 647 captiose
637 549 855 623 nullatenus
876 572 916 624 se
929 549 1141 644 absentant,
1165 549 1229 626 alti
1246 575 1350 644 vero,
1370 552 1437 650 qui
1457 554 1554 632 stltra
1581 553 1730 638 dictum

114 741 118 744 ,
215 655 368 746 tempus
394 671 433 723 se
454 643 827 740 absentavertntseu
847 645 1055 724 intendunt
1080 648 1130 722 de
1156 661 1286 725 cetero
1310 647 1526 743 absentare,
1556 649 1588 726 si
1614 651 1730 733 berte·¹

140 748 143 760 '
214 743 302 824 ficia
326 747 524 840 obtinent,
556 753 644 844 ipsis
666 755 816 821 careant
838 741 924 845 ipso
943 745 1060 836 lacto,
1100 743 1131 818 si
1153 771 1238 820 ncn-
1260 745 1424 838 habent,
1461 746 1510 822 ab
1538 747 1728 832 electione

214 842 493 947 beneficiorum
513 839 741 935 vacantium,
767 839 949 944 quamdiu
975 844 1068 917 tales
1091 841 1243 935 luerint,
1273 842 1351 918 sint
1371 847 1521 939 exclusi,
1552 845 1729 928 obtineri·
1765 897 1770 902 ·
1810 938 1814 948 ,

1 951 2 971 ¹
78 959 83 970 ‘
214 964 272 1020 tes
297 941 430 1018 tamen
453 940 574 1038 siper
593 965 720 1016 essum
743 941 862 1038 bmoi
874 927 1060 1016 beneficia
1080 965 1147 1018 sua
1164 938 1412 1039 perdiderint,
1435 941 1483 1016 ad
1499 943 1730 1025 solutionem
1777 1005 1786 1012 -

92 2663 100 2676 .
214 2605 459 2706 competens,
490 2601 586 2678 inlra
622 2603 727 2700 quod
754 2629 803 2678 ex
838 2601 1085 2680 venditionis
1114 2601 1241 2701 pretio
1266 2601 1386 2708 possit
1420 2601 1567 2680 Census
1600 2633 1647 2682 co
1679 2608 1729 2706 'gs

217 1041 365 1118 Census
383 1037 674 1131 beneficiorum,
710 1061 786 1138 que
808 1035 1024 1129 tenueram,
1047 1038 1199 1136 integre
1219 1053 1420 1116 teneantur
1448 1037 1550 1116 'uxta
1570 1043 1731 1121 modum

212 1137 372 1216 interius
395 1149 639 1229 annotatum,
669 1159 781 1236 super
802 1137 991 1217 solutione
1016 1147 1118 1210 enim
1146 1135 1416 1212 Censusbene
1447 1134 1612 1236 ciorum,
1649 1167 1728 1244 que

214 1237 348 1315 iratres
370 1245 430 1312 nri
453 1233 633 1338 obtinent
651 1258 719 1312 seu
743 1233 983 1310 obtinuerint
1006 1230 1047 1308 in
1068 1231 1253 1336 luturum,
1281 1232 1334 1308 ita
1359 1233 1526 1312 districtc
1552 1239 1602 1314 de
1621 1235 1738 1318 Cen-i

212 1357 324 1413 sensu
356 1333 530 1410 omnium
559 1343 598 1408 et
626 1332 862 1428 singulorum
889 1332 1085 1409 statutum
1112 1341 1312 1429 antiquum
1342 1330 1527 1427 duximus
1544 1334 1729 1416 innovari·
1814 1357 1819 1364 '

140 1449 146 1454 '
215 1435 325 1526 dnm,
349 1446 394 1507 nt
420 1442 637 1531 quicunque
656 1429 808 1506 Statuto
834 1441 999 1504 termino
1025 1425 1192 1504 Censum
1213 1451 1296 1504 nun
1314 1427 1469 1504 solverit
1490 1447 1730 1531 consuetum,
1814 1465 1821 1473 ·

215 1543 362 1606 amittat
385 1525 571 1606 beneficia
592 1527 675 1627 ipso
695 1528 817 1618 lacto,
850 1540 889 1604 et
910 1529 959 1601 ad
977 1525 1153 1617 fratrem,
1184 1549 1303 1626 penes
1330 1551 1446 1624 quem
1472 1548 1638 1626 potestas
1664 1533 1731 1612 eli·
1791 1573 1795 1582 ·

213 1628 331 1727 gendi
350 1625 539 1703 beneficia
555 1624 727 1727 vacantia
750 1624 908 1716 residet,
933 1621 1069 1700 ordine
1094 1624 1198 1698 dicto
1228 1639 1396 1714 currant,
1421 1641 1464 1702 et
1483 1623 1556 1719 itti,
1582 1628 1649 1728 qui
1674 1631 1733 1709 dis

214 1745 319 1804 otum
345 1721 579 1802 beneficium
609 1731 659 1799 sic
679 1721 820 1814 amisit,
851 1731 892 1798 in
919 1721 1069 1803 Virtute
1088 1745 1151 1797 sce
1173 1719 1394 1797 obedientie
1419 1740 1458 1799 et
1486 1719 1542 1796 ob
1561 1737 1730 1803 testatio

193 1817 519 1905 “nem'tremendi
535 1813 672 1922 judicii
693 1818 920 1912 inhibemus,
944 1843 995 1896 ne
1014 1817 1169 1900 fratrem
1188 1843 1257 1895 seu
1274 1817 1427 1912 iratres,
1457 1819 1505 1896 sd
1529 1847 1642 1922 quem
1661 1849 1730 1904 seu

215 1948 314 2024 quos
339 1921 552 2002 devolvitur
575 1913 808 1994 beneficium
832 1917 891 1993 'ita
914 1926 1071 2007 vacans,
1106 1917 1289 2018 impediat
1309 1943 1467 2018 quoquo
1483 1921 1631 2015 modo,
1663 1927 1729 2002 vel
1793 1929 1800 1936 '

213 2030 448 2122 quocunque
474 2014 747 2116 persecutionis
771 2028 1021 2115 persequatur
1038 2027 1195 2116 propter
1214 2013 1301 2104 hcc,
1327 2017 1430 2114 qnod
1454 2029 1644 2116 receperit
1662 2021 1766 2110 lte-⁸

213 2116 398 2195 neficium
420 2125 473 2190 ita
492 2137 637 2188 vacans.
687 2111 812 2214 Siquis
829 2125 959 2190 autem
980 2109 1146 2193 Centum
1170 2110 1450 2189 beneficiorum
1475 2139 1628 2192 suornm
1646 2139 1733 2200 non¹
1843 2147 1845 2152 ⁸

106 2219 111 2228 '
213 2213 369 2293 solverit
393 2211 560 2290 termino
579 2211 801 2305 constituto,
823 2208 1017 2288 beneficio
1037 2235 1104 2286 seu
1125 2207 1335 2302 beneficiis,
1362 2213 1465 2310 quod
1484 2214 1548 2288 vel
1566 2239 1641 2314 que
1659 2217 1730 2298 oba
1824 2278 1830 2292 .

212 2313 356 2406 tinuit,
375 2322 426 2411 stt
445 2309 609 2410 privatus
627 2319 708 2408 ipso
731 2309 854 2407 facto,
873 2321 926 2386 et
941 2305 1220 2388 nichilominus
1242 2304 1406 2386 Censam
1428 2310 1575 2386 solvere
1602 2325 1731 2394 tenes·

212 2427 297 2504 tur,
333 2408 505 2510 quemsi
529 2407 627 2486 infra
658 2420 750 2482 ecto
779 2405 924 2486 diemm
952 2417 1110 2506 spatium
1137 2409 1285 2484 solvere
1310 2405 1534 2503 neglexerit,
1563 2405 1728 2512 Caplunr
1806 2467 1813 2482 .

212 2513 372 2612 plenam.
387 2505 543 2582 habebit
567 2517 805 2604 potestatem,
829 2505 1023 2594 vendendi
1048 2501 1243 2618 prebende
1262 2511 1328 2581 sue
1347 2503 1491 2582 fructus
1508 2505 1556 2580 ad
1578 2524 1655 2592 tem
1682 2535 1732 2628 ¹¹?

190 2704 270 2782 sic
291 2715 473 2780 retentus.
524 2700 700 2776 Preterea
722 2698 880 2798 provide
902 2699 1136 2790 innotamus,
1162 2695 1266 2799 quod
1286 2697 1730 2804 quicunquebeneficia,

215 2826 294 2906 quc
320 2800 482 2891 obtinet,
505 2793 732 2887 vendiderit,
758 2795 992 2892 obligaverit,
1018 2821 1084 2872 seu
1106 2796 1181 2873 alio
1204 2795 1322 2872 modo
1344 2796 1577 2895 alienaverit,
1601 2805 1728 2882 velud

214 2926 349 2979 manus
369 2900 564 2999 poterites,
590 2895 638 2970 de
661 2894 799 2994 quibus
820 2894 929 2970 laeile
957 2919 1037 2968 non
1061 2892 1206 2994 possint
1229 2897 1387 2990 extrahi,
1419 2901 1582 2974 locando
1610 2915 1729 2976 trans·

68 3027 74 3036 ·
138 3039 150 3056 ·
215 2987 366 3090 tulerit,
403 2994 552 3070 amittat
570 2991 760 3070 beneficia
782 2991 865 3093 ipso
891 2991 1011 3083 sacto,
1046 3005 1084 3067 et
1112 2993 1382 3070 nichilominus
1405 2994 1571 3078 Censum
1595 3001 1728 3094 rohas,

214 3113 330 3198 prout
355 3095 525 3202 superius
546 3106 603 3168 est
631 3115 867 3192 expressum,
900 3102 938 3166 et
964 3088 1037 3164 nisi
1059 3081 1155 3165 insta
1182 3115 1352 3169 mensem
1376 3091 1546 3192 predicta
1567 3093 1728 3194 impedi·

78 3271 86 3278 ,
215 3212 346 3271 menta
367 3198 588 3284 removerit,
620 3214 668 3264 er
692 3203 826 3264 tunes
854 3215 924 3265 nro
949 3190 1151 3262 Consentio
1177 3188 1295 3264 eadat.
1352 3188 1392 3263 Si
1418 3191 1542 3264 nullus
1567 3191 1727 3270 fratrum

215 3287 406 3369 beneficia
427 3283 575 3360 inutilia
594 3289 757 3361 voluerit
775 3304 991 3384 acceptare,
1024 3284 1246 3361 cellerarius
1276 3304 1315 3362 et
1338 3284 1543 3370 cbellarius
1566 3289 1626 3366 nri
1646 3288 1729 3392 ipsa
1768 3297 1772 3302 ’

216 3384 465 3466 custodienda
489 3395 528 3457 et
549 3383 786 3481 procuranda
806 3382 1004 3481 recipiant.
1061 3383 1165 3460 Nulli
1184 3381 1299 3459 etiam
1323 3382 1477 3462 instrum
1503 3383 1631 3480 liceat,
1663 3413 1725 3466 re-

216 3501 363 3582 signare
383 3485 444 3559 alii
466 3479 621 3554 fratrum
641 3481 775 3555 eadem
797 3476 1017 3578 beneficia,
1057 3505 1107 3557 ue
1132 3479 1305 3572 obtinet,
1337 3507 1569 3582 quocunque
1590 3485 1730 3584 pretio,

130 3615 133 3626 ·
215 3606 347 3683 neque
370 3582 458 3656 dare
482 3575 604 3674 gratis,
629 3591 863 3654 commutare
885 3507 1085 3656 samonio
1107 3576 1264 3655 licentia
1287 3575 1398 3677 Capli
1414 3579 1542 3656 fratres
1562 3583 1613 3657 ad
1633 3593 1726 3660 invt-

216 3705 302 3760 oem
326 3703 375 3756 ex
396 3703 503 3754 causa
524 3671 711 3779 probabili
740 3673 926 3753 beneficia
949 3701 1015 3751 sua
1035 3688 1203 3776 possunt.
1286 3677 1333 3753 In
1358 3689 1578 3754 memoriam
1598 3691 1727 3780 itaque

218 3775 392 3856 omnium
412 3772 669 3874 predictorum
689 3787 881 3873 presentes
896 3771 1040 3849 litteras
1058 3771 1198 3864 confici
1216 3773 1371 3872 placuit,
1398 3791 1436 3850 et
1457 3773 1592 3872 Sigillis
1612 3803 1727 3856 nrum

217 3877 511 4051 stlngffrpfflt
534 3871 644 3978 Capti
663 3869 841 3950 roborari.
870 3873 969 3972 scu
988 3889 1077 3947 sunt
1093 3870 1171 3950 hec
1189 3869 1396 3973 Ratispone
1412 3897 1513 3954 anuo
1533 3869 1601 3958 dni
1619 3875 1725 3962 rato.

763 4098 958 4190 Appetidertt
977 4117 1025 4164 ra.
1047 4097 1179 4186 digitto.

914 4330 923 4341 ,
1004 4286 1052 4362 gg
1181 4265 1184 4272 ’
