3662 4848
660 219 1086 338 'vmb-

54 511 63 520 ,
170 423 280 508 vobis
293 417 789 526 vestrisquesuctessoribus
804 435 845 498 et
863 420 1005 500 illibata
1023 430 1283 522 permaneant.
1335 419 1570 524 Sepultus-ani
1588 445 1683 522 quo-

173 547 251 626 que
273 524 387 622 ipsius
408 522 485 598 loci
507 520 667 614 liberam
687 543 769 597 esse
786 519 1035 612 decernimus,
1061 540 1103 594 ut
1127 523 1260 598 eoruin
1282 520 1477 597 devotioni
1500 535 1539 596 et
1560 540 1708 596 extre·

172 646 238 698 me
256 617 464 713 uoluntati,
490 629 556 718 qut
580 642 621 694 se
644 616 722 692 illio
741 621 891 715 sepeliri
911 615 1219 724 deliberaverint,
1244 627 1314 692 nisi
1336 615 1432 694 sorte
1462 641 1681 692 excommu-

171 728 288 798 nicati
310 729 394 807 sint,
418 719 545 794 nullus
565 713 735 806 obsistat,
758 717 857 792 salva
881 727 1022 792 tamen·
1030 714 1175 816 justitia
1195 715 1344 796 illarum
1367 713 1634 808 Ecclesiaruot,
1659 740 1681 790 a

174 813 311 917 quibos
332 831 574 891 mortuorum
597 837 757 912 corpora
777 826 1028 888 assumuntur.
1448 849 1452 858 ·
1692 837 1698 844 ·

153 931 182 988 '·
273 927 527 1020 Decernimns
546 967 649 1036 ergo,
672 953 717 1018 ut
738 941 833 1018 nulli
854 942 1012 1019 omnino
1034 940 1234 1042 hominurn
1250 943 1374 1038 liceat,
1400 939 1584 1044 prelatum
1605 925 1711 1032 sno,-⁸

172 1043 382 1123 hasterium
407 1060 552 1116 temere
575 1039 812 1138 perturbare,
850 1061 916 1114 aut
936 1035 1016 1142 ejus
1039 1041 1290 1143 possessiones
1312 1041 1478 1131 auferre,
1502 1043 1564 1116 vel
1586 1041 1686 1115 able-

173 1157 231 1216 tas
257 1139 434 1230 retinere,
458 1138 643 1230 minuere,
664 1147 736 1212 'seu
758 1135 987 1236 quibuslibet
1006 1137 1269 1215 vexationibus
1289 1139 1454 1236 latigare,
1480 1138 1547 1212 sed
1563 1137 1689 1212 illiba·

174 1251 214 1316 ta
244 1235 371 1310 omnia
396 1247 435 1309 et
462 1235 606 1328 integrat
632 1239 906 1311 conserventur
930 1259 1081 1326 eorum,
1119 1245 1193 1334 pro'
1222 1263 1383 1336 quorum
1409 1231 1686 1334 gubernatione

118 1421 119 1424 Ἴ
178 1354 218 1409 et
244 1331 518 1408 sustentatione
539 1355 714 1406 concessa
738 1351 836 1427 sunt,
861 1331 989 1406 usibus
1015 1335 1243 1407 omnimodis
1262 1335 1477 1434 prolatura,
1501 1335 1601 1407 salva
1621 1331 1689 1408 Se·
1820 1403 1826 1412 .

177 1433 234 1506 dis
256 1433 461 1543 apostolice
482 1439 703 1503 auctoritate
728 1449 767 1503 et
794 1429 1077 1528 Ratisponensis
1102 1429 1176 1530 Epi
1199 1430 1379 1506 canonica
1400 1425 1553 1530 justitia.
1623 1431 1688 1504 Ad

76 1571 89 1592 f
175 1527 360 1608 indictum
381 1539 510 1601 autern
539 1517 650 1625 hujus
673 1551 695 1598 a
719 1525 819 1600 Sede
843 1527 1051 1624 apostolica
1076 1539 1262 1629 percepta
1284 1527 1533 1640 protectionis
1563 1525 1690 1602 hmn-
1739 1543 1752 1598 ·.

144 1625 275 1703 ,tium
313 1649 432 1698 unum
466 1621 577 1696 nobis
601 1620 815 1720 nostrisque
840 1619 1117 1698 successoribus
1143 1623 1250 1698 annis
1274 1622 1428 1719 ungulis
1453 1622 1717 1722 persolvetis-a

176 1723 293 1822 Siqua
320 1718 436 1817 igitur
452 1718 496 1792 in
519 1718 688 1799 summm
714 1717 978 1794 Ecclesiastica
1001 1721 1224 1797 secularisve
1248 1721 1408 1824 persona
1432 1720 1531 1794 hanc
1557 1733 1689 1794 nostre

175 1815 453 1893 constitutionis
475 1824 649 1912 paginam
669 1825 809 1907 scient,
844 1829 1081 1894 contraeunt
1106 1833 1254 1896 temere
1277 1830 1407 1898 venire
1433 1819 1688 1917 temptaverit,
1753 1909 1760 1916 ἱ

176 1914 345 1992 secundo
375 1923 533 1986 tertiove
562 1912 814 2004 commonita,
852 1913 925 1987 nisi
953 1927 1277 2026 presumptionem
1310 1939 1414 1990 snam
1451 1913 1690 2010 digna-satis·
1801 1951 1806 1958 ·

176 2013 345 2088 factione
365 2005 585 2115 correxerit,¹
607 2009 804 2120 potestatis
824 2011 1054 2109 honorisque
1068 2011 1126 2086 sui
1143 2012 1327 2108 dignitate
1348 2030 1483 2099 careat,
1508 2033 1691 2110 reamque

175 2133 218 2183 se
244 2104 374 2179 divino
393 2103 540 2204 judicio
562 2118 736 2180 existeret
750 2107 798 2183 de
819 2103 867 2208 pe
917 2120 1035 2181 etrata
1061 2107 1114 2182 ini
1145 2108 1264 2184 uitate
1285 2123 1502 2204 cognoscat,
1527 2121 1568 2184 et
1590 2133 1612 2180 a
1634 2133 1692 2180 sa-

179 2200 386 2279 cratissimo
397 2205 575 2300 'corpore
606 2221 645 2277 et
675 2213 857 2299 sanguine
928 2204 964 2279 ei
992 2221 1031 2290 et
1061 2135 1328 2304 Redemptoris
1355 2204 1475 2279 nostri
1497 2205 1579 2279 thu
1610 2204 1691 2304 Xpi

175 2304 298 2378 aliena
319 2296 384 2374 fiat
402 2311 516 2412 atque
543 2308 583 2374 in
606 2319 777 2374 extremo
804 2311 976 2376 examine
1004 2299 1170 2388 districte
1197 2306 1332 2378 ultioni
1358 2297 1570 2402 subjaceam
1596 2327 1692 2394 cun-⁴

179 2391 247 2472 ctis
269 2410 399 2472 autem
425 2397 549 2472 erdem
570 2399 657 2471 loco
682 2421 747 2470 sua
758 2391 849 2498 jura
869 2397 1104 2474 servantibus
1120 2399 1176 2473 sit
1198 2424 1271 2500 pax
1296 2397 1453 2473 Domini
1472 2399 1593 2474 nostri
1616 2399 1691 2472 lhu

176 2491 277 2608 xpi,¹
294 2491 471 2602 quatinus
494 2507 533 2567 et
560 2491 645 2566 heic
659 2495 823 2600 fructum
845 2493 948 2571 bone
966 2490 1127 2569 actionis
1145 2495 1368 2595 percipiant,
1395 2513 1434 2574 et
1453 2496 1556 2596 apud
1571 2496 1694 2596 distri·
1719 2585 1731 2596 ⁸

70 2631 76 2660 ·
175 2601 290 2666 vctum
309 2591 477 2693 judicem
497 2603 638 2690 premia
664 2604 797 2668 eterne
818 2593 919 2692 pacis
947 2593 1154 2684 inveniant,
1179 2617 1305 2671 arnen.

327 2717 656 2818 EgoAlexander
681 2721 867 2797 catholice
892 2721 1063 2798 Ecclesie
1089 2707 1204 2830 Epus}
1287 2729 1299 2744 “
1542 2804 1575 2822 ,Ι
1613 2803 1633 2833 Π

242 2841 245 2848 ·
327 2813 413 2910 Ego
442 2811 667 2891 Guilielmus
693 2817 910 2897 Portuensis
937 2838 975 2893 et
999 2821 1035 2894 S.
1062 2817 1371 2924 Iluffin‘e‘lb'pus'
1510 2851 1551 2912 ·,
1613 2807 1697 2846 ””’

327 2905 413 3008 Ego
439 2909 649 2987 Manlridus
675 2911 919 3010 Prenestinus
944 2907 1059 3017 Epus.
1288 2979 1307 3018 v.
1330 3005 1333 3016 ,
1356 2903 1390 3015 'J
1457 2907 1463 2922 ¹
1534 2938 1539 2946 '
1618 2910 1667 2944 ⁵⁵

328 3007 415 3104 Ego
440 3007 621 3082 Albertus
644 3009 780 3104 Presbr
807 3011 1016 3088 Cardintlis'
1037 3014 1094 3112 ut.
1120 3012 1161 3096 S.
1187 3016 1379 3112 Laurentii
1406 3029 1445 3099 in
1470 3017 1626 3094 Lucina.

326 3101 415 3201 Ego
440 3105 661 3180 Theodinus
685 3109 822 3184 Presbr
848 3109 957 3185 cara
978 3110 1019 3184 ’8.
1045 3111 1182 3192 Vitatis
1207 3128 1265 3192 tit.
1290 3115 1463 3198 venne.
1632 3133 1642 3142 ”

328 3199 411 3297 Ego
437 3201 571 3278 Petrus
596 3201 731 3280 Presbr
757 3203 867 3282 Card.
893 3217 947 3283 tit.
974 3208 1010 3284 S.
1028 3209 1212 3297 susanne.
1303 3208 1308 3217 ’

214 3382 221 3393 ,
328 3293 412 3392 Ego
438 3297 603 3386 lacobus
629 3301 822 3379 Diaconos
850 3303 960 3381 Card.
985 3307 1020 3380 S
1046 3309 1169 3387 Marie
1193 3309 1234 3386 in
1261 3309 1478 3392 cosmedin
1599 3393 1604 3398 .

277 3489 280 3499 Ι
327 3391 414 3490 Ego
427 3397 546 3492 ¹Hugo
569 3397 728 3474 Diacon.
752 3395 864 3478 Card.
885 3403 921 3476 S.
938 3404 1134 3483 Eustachii
1158 3403 1264 3509 juxta
1287 3413 1495 3510 templum·

327 3487 415 3586 Ego
437 3491 656 3569 laboranus
679 3493 840 3605 D'ncon.
868 3498 978 3576 Card.
1001 3503 1038 3582 S.
1056 3503 1177 3586 Morie
1201 3515 1241 3582 tn
1259 3507 1422 3608 porticu.

182 3701 188 3710 ,
279 3614 422 3694 Datum
450 3615 481 3692 F
487 3631 595 3720 ogie.
617 3647 686 3724 per
712 3653 866 3704 manum
883 3630 1060 3722 ¹Gratiani
1083 3635 1120 3710 S.
1142 3634 1187 3708 R.
1207 3636 1250 3710 Ε.
1271 3683 1274 3692 ·
1292 3636 1524 3716 subdiaconi
1554 3657 1593 3720 at
1614 3639 1699 3716 No-
1819 3639 1821 3660 '

180 3719 283 3808 ¹larii,
321 3711 509 3816 Kalendas
530 3719 737 3818 Februarii,
775 3725 983 3808 indictione
1004 3730 1050 3804 X.
1075 3730 1342 3808 incarnationis
1370 3734 1562 3815 dominice
1584 3742 1694 3820 atino

185 3823 291 3890 1112.
315 3809 563 3892 Pontificatus
584 3819 828 3898 verodomni
850 3823 1055 3902 Alexandri
1079 3828 1179 3926 Pape
1204 3827 1309 3918 tertii
1328 3855 1434 3912 anuo
1459 3831 1607 3913 xvnr.

639 3962 834 4029 Plumbum:
873 3969 1066 4030 Alexander
1086 3969 1146 4033 Pr.
1167 3969 1230 4054 HI⁸¹
