3676 4848
774 123 953 182 ,κς

751 319 825 375 te
857 253 945 408 'dui
995 329 1069 376 a·

442 495 444 498 ’
518 577 519 582 ¹
640 491 756 566 Num.
784 487 1000 614 cccviii.
1065 433 1171 567 noir

56 649 59 656 ’
154 685 173 710 ,.
222 645 287 704 hex
309 645 527 724 Philippus
548 645 868 724 confirmotprlorem
884 644 1148 722 compositionem
1167 651 1223 706 reri
1236 643 1438 714 Concordiam
1460 647 1545 706 inter
1560 645 1659 724 Epunr

147 747 626 826 intromissione-nudum,
656 750 828 828 impertitis
847 751 949 816 ‚suno
973 750 1218 824 cancellarium,
1255 770 1292 812 se
1319 749 1510 812 Lonorioom
1539 741 1677 846 poeni*

22 885 26 890 -
89 925 98 944 j
148 851 295 952 &verine
323 857 413 936 Regis
439 855 702 945 oemnoguineum
731 855 854 930 initum·v
891 848 997 916 'llisce
1025 854 1269 916 confirmationis
1291 857 1423 918 Litteris
1451 855 1584 916 insertus
1612 866 1659 919 est

69 1033 77 1046 t
150 966 243 1018 tenor
262 959 358 1036 ipsius
380 959 573 1042 wonomiro·

49 1099 54 1106 ’
146 1089 176 1158 “’Ϊ
244 1099 315 1178 His
335 1101 453 1200 igitur
472 1099 649 1178 omnibus
674 1098 1094 1201 RatisponensisEpus,
1120 1113 1159 1178 et
1182 1099 1341 1194 Chorus,
1365 1119 1406 1178 et
1429 1097 1665 1176 Ministerin-.

145 1205 219 1294 les,
246 1211 330 1302 qnia
352 1199 400 1274 ad
414 1195 554 1298 'paoem
580 1222 660 1275 esse
682 1195 927 1298 videbantur,
957 1203 1195 1298 prebuerunt
1215 1225 1423 1291 assensum,
1449 1201 1528 1273 Nos
1551 1226 1655 1292 vero,

102 1355 106 1370 .
144 1313 225 1375 tum
256 1293 342 1396 quia
369 1293 571 1372 laudabilia
591 1299 679 1370 sunt
698 1293 791 1387 hec,
819 1317 1049 1396 quecunque
1072 1310 1211 1371 statuto
1241 1307 1329 1372 sunt
1357 1307 1458 1372 inter
1486 1295 1656 1394 liatispo-

143 1391 303 1482 nenseni
322 1395 528 1469 Ecclesiam
551 1404 591 1468 et
610 1392 761 1468 Ducem
806 1409 887 1465 tum
970 1391 979 1410 ‘
1020 1394 1221 1492 adparens
1247 1395 1546 1470 tendunttotius
1571 1417 1656 1492 pro·

143 1487 280 1582 vincio,
298 1487 552 1592 approbantes
570 1501 609 1564 et
628 1501 706 1562 rata
722 1445 907 1564 hoienses
952 1513 1023 1568 ane
1043 1501 1260 1590 presentem
1283 1489 1458 1591 paginam
1478 1488 1533 1566 rei
1549 1503 1655 1585 geste

146 1585 292 1666 Seriem
315 1585 578 1672 continentem
590 1582 711 1684 Sigilli
728 1582 847 1660 nostri
863 1584 1110 1687 impressione
1124 1586 1357 1666 reddidimus
1380 1583 1656 1672 confirmatam.

625 1746 782 1832 Sigillum
802 1745 977 1832 Maiestet.
998 1751 1172 1840 adpendet.

428 1897 434 1904 ·
503 1875 632 1942 Hoodri
662 1875 859 1968 Menofil.
893 1889 957 1947 15⁵.
999 1878 1087 1944 Edit.
1117 1877 1286 1964 Ratisiron.

486 2193 603 2272 uum.
631 2191 805 2300 cccix.
858 2219 961 2296 1207.
1011 2191 1071 2271 nx
1098 2143 1298 2296 osgnoi

57 2379 66 2382 ·
138 2351 278 2422 ¹consuli
300 2350 460 2428 Ratirpon·
481 2348 541 2426 Epi
560 2351 805 2409 instrumentum
832 2365 928 2424 super
953 2365 989 2408 re
1016 2346 1152 2421 iudicato
1177 2370 1196 2410 n
1222 2349 1459 2416 Prsedeeeucre
1483 2369 1542 2411 eun
1567 2352 1654 2414 inter

143 2460 323 2537 Capitulum
351 2454 536 2517 Cathedrnle
561 2459 594 2511 et
614 2451 819 2513 Wirntonem
845 2451 885 2511 de
913 2449 1133 2514 Blsnlenstein
1158 2463 1300 2532 respectu
1325 2455 1524 2534 quorundam
1549 2457 1654 2518 homi·

336 2579 413 2620 num
432 2559 515 2619 dicto
537 2555 704 2620 Wirntoni
724 2576 789 2616 nou
808 2556 991 2630 feudalium,
1010 2555 1066 2617 sed
1087 2558 1230 2640 &pitulo
1250 2561 1451 2621 censualium.

123 2748 133 2760 ·
245 2731 291 2803 ln
319 2723 479 2802 nomine
501 2749 565 2800 sce
588 2735 627 2800 et
648 2719 844 2800 individue
867 2722 1061 2800 Trinitatis
1090 2751 1213 2803 amen.
1271 2723 1550 2803 Chunradus
1580 2727 1646 2806 dei

139 2853 205 2924 gru
227 2825 333 2924 Epus
354 2821 547 2920 Rutispon.
574 2833 613 2896 et
638 2819 840 2919 imperialis
864 2825 948 2898 aute
977 2821 1247 2916 Cancellarius,
1275 2823 1453 2924 Capitulo
1475 2825 1648 2926 Ratispo·

138 2923 248 3008 nensi
269 2935 308 2996 in
333 2932 573 3020 perpetuum.
623 2916 800 3011 Negocie,
836 2943 912 3017 que
929 2943 1000 3020 per
1024 2943 1184 2996 examen
1198 2918 1372 3022 judicum
1398 2921 1562 3007 finaliter
1579 2926 1649 2996 de-

139 3023 327 3112 ciduntur,
354 3026 443 3094 etsi
463 3041 545 3106 non
564 3011 728 3090 debeant
750 3011 799 3088 de
821 3011 908 3126 jure
932 3018 1171 3120 postmodum
1190 3027 1232 3093 in
1247 3017 1356 3095 litem
1376 3019 1525 3110 deduci,
1551 3044 1644 3094 eon·
1664 3049 1669 3058 ·

138 3116 252 3214 tingit
272 3132 418 3212 tamen,
453 3112 555 3212 quod
579 3119 786 3210 importuni
809 3111 1015 3207 htigatores
1041 3114 1119 3210 ipsa
1139 3113 1275 3189 iterato
1302 3115 1498 3191 deducunt
1519 3127 1560 3190 ln
1581 3112 1646 3218 ju·

138 3216 279 3292 dicium
298 3223 422 3287 minus
439 3205 561 3313 juste,
593 3227 754 3307 propter.
821 3209 873 3282 od
899 3206 998 3284 bene
1021 3222 1176 3285 tenetur
1194 3209 1356 3310 quilibet
1377 3207 1499 3314 judex
1525 3237 1647 3308 nego-

140 3321 203 3392 ciis
223 3336 351 3385 coram
370 3331 410 3382 se
427 3307 705 3384 sentencialiter
725 3303 776 3378 dil
805 3303 892 3380 nitis
908 3305 956 3378 ad
975 3309 1168 3383 cautelam*
1177 3308 1360 3408 scripture
1383 3307 1647 3386 testimonium

138 3405 329 3484 adhibere.
391 3405 536 3478 Notum
563 3401 676 3502 igitur
698 3425 777 3478 esse
811 3404 1003 3493 volumus,
1065 3406 1141 3478 uod
1168 3431 1257 3479 cum
1289 3407 1386 3480 dnus
1412 3409 1563 3481 Wirnto
1592 3405 1646 3504 de

138 3501 404 3578 Blonkenstein
431 3495 661 3575 Fridcn'cum
686 3517 725 3573 et
752 3498 880 3575 iratres
905 3494 987 3600 ejus
1058 3501 1282 3582 erbotonem
1315 3521 1354 3578 et
1376 3503 1644 3597 Loutwinum',

28 3651 37 3676 -.
140 3623 350 3710 eorumque
378 3621 425 3671 co
453 3605 645 3675 nationem
674 3593 744 3668 sibi
768 3621 947 3693 usurpare
968 3598 1202 3689 intenderet,
1239 3624 1404 3675 asserens
1428 3625 1469 3676 se
1489 3601 1573 3676 sslos
1598 3600 1645 3678 in

26 3733 30 3740 Δ
138 3689 396 3790 beneficio-ab
449 3690 551 3792 pisco
579 3705 643 3766 utu
664 3705 808 3784 tenere,
834 3693 950 3770 iidem
971 3713 1144 3794 tempore
1160 3696 1439 3810 predecessoris
1458 3707 1516 3772 nri
1537 3695 1645 3779 bone

11 3805 18 3818 ‘
138 3791 323 3872 memorie
350 3789 541 3884 Chunradi
596 3788 635 3890 pi
654 3791 702 3863 ad
720 3787 938 3867 Ecclienre
963 3780 1181 3890 Capituium
1202 3812 1450 3886 recurrentes,
1474 3788 1645 3886 in'uriss,

141 3915 216 3988 que
241 3887 326 3989 ipsis
353 3885 394 3963 in
423 3887 500 3959 hoc
520 3883 795 3980 inserebantur,
843 3911 912 3987 per
937 3885 1052 3986 ipsius
1076 3887 1240 3995 Capituli
1264 3892 1447 3982 auxilium
1472 3819 1526 3964 oi
1544 3890 1646 3992 dicti

9 4077 15 4088 .
138 3984 412 4098 predecessoris
433 3980 500 4058 nri·
517 3981 749 4058 audientiam
764 3983 1009 4061 deferebant:
1036 3995 1102 4083 qui
1121 4011 1208 4061 eum
1228 4011 1343 4098 super
1355 3988 1501 4100 'eodem
1523 3992 1648 4084 nego-¹

140 4108 200 4156 cro
222 4077 365 4182 judicio
388 4080 606 4180 presideret,
658 4078 795 4154 artibus
808 4080 854 4154 -in
903 4080 1061 4156 resentia
1080 4107 1150 4155 suo
1170 4097 1383 4160 constitutis
1401 4083 1646 4162 antedictum

142 4177 356 4277 Capitulum
376 4203 448 4280 per
468 4189 581 4255 testes
605 4173 618 4250 i
645 4199 763 4252 oneos
789 4187 828 4255 et
853 4107 1005 4271 liiirum,
1039 4186 1102 4279 qui
1128 4177 1332 4264 Salbueh
1355 4179 1560 4277 vulgariter
1576 4207 1648 4283 op·
