3676 4848
489 287 1116 435 '“'.-o*2¹91*a·⁸⁸

20 526 22 562 2
160 494 380 576 muniretur
402 494 450 572 ab
468 493 568 598 Epo,
593 517 669 576 eta
689 499 801 577 Duce
824 496 1160 602 proscribaturret
1183 525 1205 578 a
1229 497 1297 579 tali
1321 502 1567 584 damnatione
1590 537 1672 600 non

161 595 357 686 liberetur,
380 606 453 670 nisi
468 605 570 696 prius
593 597 727 694 dehis,
807 599 1029 700 edeliquit,-
1046 597 1194 697 dtgnmn
1223 601 1400 678 exhibeat
1433 600 1671 683 emendatio-
1712 609 1714 614 ’
1782 646 1806 680 2

17 691 22 787 ,ἱ
160 719 261 770 nem.
310 693 446 768 Talem
471 688 574 768 enim
598 695 696 767 ultra
715 721 834 768 scam
856 712 1011 773 noctem
1030 699 1093 774 vel
1117 696 1320 798 prandium
1339 701 1465 774 nullut
1491 700 1532 776 in
1555 703 1673 783 domo
1791 740 1793 752 ·

144 817 228 898 ‚sua
255 788 412 888 recipiat
433 791 496 866 vel
518 789 710 882 detineam
735 791 801 891 qui
825 817 918 869 vero
943 817 1032 869 eum
1056 793 1454 967 detinuisseculpatus
1476 798 1612 891 fuerit,¹
1635 813 1677 878 et

158 886 271 964 tertia
300 913 418 964 manu
442 910 482 963 se
504 907 717 986 ¹expurgare
742 889 928 983 noluerit,
957 913 1031 967 neo
1064 890 1226 991 poterit,
1252 891 1344 966 'satis
1359 892 1454 968 aciat
1480 921 1551 996 pro
1576 896 1673 998 ipso.

16 984 18 1008 '
157 989 257 1062 Item
310 984 350 1058 ui
371 983 584 1062 satisfacere
607 999 759 1062 tenetur
779 1011 848 1085 pro
869 1013 1102 1088 quocunque
1119 981 1230 1084 facto,
1255 987 1438 1065 citabitur
1459 1007 1678 1093 perempto·

156 1082 214 1160 rie
241 1109 264 1156 a
284 1011 422 1160 iudica
447 1103 515 1182 per
538 1079 572 1156 6.
593 1081 867 1176 hebdomadas,
893 1097 932 1158 et
951 1095 982 1158 si
1003 1110 1046 1162 se
1070 1087 1132 1161 die
1160 1084 1366 1162 constituto
1386 1090 1675 1258 presentaverit5

158 1179 256 1256 inira
293 1203 336 1254 11
362 1179 449 1275 ¹dies
475 1190 606 1278 postea
632 1179 855 1272 satisfaciat,
889 1192 930 1256 et
959 1181 1218 1256 satisfactionis
1245 1182 1382 1258 certitu
1411 1183 1515 1260 inem
1547 1211 1675 1261 coram
1815 1241 1820 1254 .

98 1331 126 1382 ·.
160 1275 431 1380 iudiceiactat
460 1299 530 1375 per
552 1271 799 1377 fidejussores.
856 1275 897 1352 Si
921 1295 1050 1352 autern
1078 1301 1120 1352 se
1143 1277 1302 1352 citatum
1332 1279 1467 1378 aliquis
1496 1283 1675 1364 nescierit

100 1365 109 1390 ³
162 1392 202 1449 et:
224 1370 557 1472 bocprobaverit,
579 1398 669 1448 ,non
692 1375 912 1463 damnetur,
946 1376 1012 1449 sed
1032 1372 1231 1449 satisfactio
1251 1375 1458 1478 recipiatur
1477 1381 1524 1454 ab
1549 1403 1597 1455 eo
1617 1407 1678 1478 su-

162 1471 342 1583 pradicta·
392 1473 491 1545 item
511 1475 575 1568 qui
601 1471 821 1565 ergaalium
843 1481 924 1547 sine
945 1469 1180 1569 querimonia
1198 1473 1387 1562 uiolenter
1412 1499 1481 1572 per
1505 1487 1677 1552 reisam
1716 1551 1720 1554 .

162 1571 343 1644 insultum
363 1564 514 1660 fecerit,
546 1567 727 1641 damnum
749 1567 895 1642 illatum
923 1575 1069 1662 integre
1094 1566 1284 1660 restituat,
1322 1579 1362 1642 et
1388 1589 1459 1668 pro
1484 1572 1675 1651 dedecore

19 1695 20 1698 ¹
157 1659 321 1742 insultus
346 1664 379 1738 5.
405 1666 548 1738 talenta
573 1665 717 1738 reddat.
794 1663 860 1739 De
885 1661 1063 1764 predictis
1084 1661 1206 1758 igitur·
1230 1665 1458 1758 excessibus,
1489 1666 1522 1742 si
1542 1672 1677 1768 aliquia
1779 1663 1783 1676 ’

158 1787 288 1838 coram
316 1766 401 1861 Epo
421 1764 483 1838 rei
508 1761 651 1854 Duce,.
669 1761 733 1836 vel
760 1759 842 1835 aliis
863 1759 1152 1863 quibuscunque
1179 1761 1394 1852 iudicibus,
1434 1763 1569 1862 quibus
1596 1765 1705 1843 hoo‘

156 1857 418 1939 commiserint
440 1857 684 1946 convenitur,
716 1865 810 1932 1111111
830 1861 941 1958 sopri
964 1857 1214 1934 constitutum
1242 1875 1318 1950 est,
1358 1877 1398 1934 et
1419 1871 1488 1960 ipsi
1516 1860 1673 1938 iudices
1749 1915 1752 1933 .

152 1955 233 2032 boc
253 1951 426 2058 judicare
444 1958 681 2050 neglexerint
699 1956 763 2031 vel
786 1953 992 2047 noluerint,
1016 1953 1097 2029 sine
1119 1963 1224 2028 omni
1243 1951 1445 2032 occasione
1467 1971 1506 2032 et
1529 1971 1677 2040 contra·

156 2053 330 2144 dictione
354 2051 451 2128 'infra
486 2075 541 2126 11.
567 2051 647 2126 dies
671 2050 895 2158 satisfaciant
921 2053 1008 2127 loco
1029 2068 1082 2126 ··et
1109 2061 1202 2128 rice·
1222 2047 1320 2152 ejus,
1390 2051 1429 2126 ui
1458 2053 1497 2128 in
1526 2079 1679 2133 causam
1773 2101 1774 2108 κ

157 2167 301 2226 tractus
327 2149 411 2243 tuit,
435 2161 475 2226 et
496 2159 645 2250 ponent
663 2148 784 2226 actori
804 2147 1054 2266 fidejussores,
1080 2156 1119 2226 et
1145 2159 1237 2250 ipsi,
1262 2159 1330 2250 qui
1349 2080 1492 2228 tiimicl
1506 2151 1675 2252 ineram,

158 2248 238 2327 sint
260 2265 384 2324 amici.

259 2401 323 2476 De
338 2396 484 2476 xxCastro
513 2397 797 2478 Chuofstain
826 2397 942 2495 ambo
969 2398 1094 2476 taliter
1115 2396 1329 2493 amissimus,
1361 2411 1406 2477 ut
1428 2403 1492 2479 vel
1516 2399 1680 2481 inuisi.
1710 2461 1715 2466 -

157 2499 243 2576 mul
265 2495 468 2575 habeamus
495 2501 557 2573 rei
583 2499 828 2592 destruamus,
854 2511 893 2573 et
913 2497 1024 2572 simul
1071 2497 1325 2590 rohibeamus,
1351 2523 1401 2574 ne
1420 2497 1674 2576 reedificetur.
1738 2540 1743 2547 ·
1780 2557 1783 2562 Δ

156 2597 221 2675 De
242 2608 397 2671 moneta
418 2594 681 2694 Ratisponensi
703 2597 918 2684 stamimus,
958 2525 1070 2696 qumi
1083 2594 1223 2670 stabilis
1244 2593 1291 2670 sit
1311 2608 1350 2670 et
1370 2599 1476 2671 nulla
1503 2609 1675 2695 unquam
1706 2679 1708 2684 ,

155 2707 245 2794 post
270 2717 353 2768 eam
383 2689 467 2786 fiat,
505 2693 573 2768 sed
601 2694 797 2784 sifactum
822 2691 954 2792 fuerit,
989 2692 1081 2766 Dur
1108 2691 1157 2766 ad
1183 2689 1382 2766 consilium
1410 2711 1450 2768 et
1470 2695 1576 2770 velle
1599 2692 1676 2794 Epi

153 2789 360 2893 probibeat
382 2803 421 2866 et
447 2799 634 2868 retractet
684 2791 771 2866 Hec
794 2787 1012 2866 obustitutio
1032 2790 1081 2864 de
1103 2791 1306 2863 concordia
1330 2803 1370 2866 ct
1394 2799 1555 2866 amicitia
1575 2800 1676 2868 inter
1781 2810 1782 2814 ’

153 2914 229 2964 nos
257 2901 296 2962 et
317 2888 484 2978 Ducem,
511 2899 551 2963 et
575 2906 762 2979 statutum,
788 2887 893 2987 quod
915 2887 964 2962 de
986 2883 1150 2962 Civitate
1175 2883 1368 2962 statuimus
1389 2901 1428 2963 et
1452 2886 1542 2978 aliis,
1567 2889 1676 2962 durn-

155 2983 229 3078 1111,
256 2985 438 3083 quamdiu
455 2987 565 3061 simul
585 2985 787 3066 abierimus
849 2981 890 3059 Si
904 3009 996 3062 vero
1011 3005 1202 3070 successor
1221 2996 1351 3060 noster
1374 2983 1414 3058 in
1434 2985 1560 3084 Epatu
1586 3011 1676 3062 cum

154 3082 276 3160 Duce
296 3081 464 3159 'Bavarie
489 3081 587 3160 hanc
618 3083 854 3178 amicabilem
883 3078 1125 3160 concordiam
1155 3105 1376 3156 conservare
1404 3080 1595 3170 voluerit,
1635 3093 1675 3158 et

154 3177 237 3256 boe
258 3179 361 3279 'apud
387 3189 507 3279 ipsum
535 3191 738 3282 impetrare
764 3178 948 3280 potuerit,
982 3201 1210 3276 quecunque
1232 3187 1369 3252 statuta
1394 3191 1505 3266 sunt,
1547 3175 1676 3257 omnia
1779 3187 1789 3202 “

153 3289 241 3354 rata
266 3274 489 3352 habeantur.
538 3277 582 3354 T.
606 3279 642 3353 11.
664 3306 693 3354 1.
720 3291 806 3352 sunt
834 3273 1029 3351 Gotiridus
1051 3269 1171 3376 major
1192 3270 1424 3372 prepositus,
1459 3273 1572 3368 Maga
1598 3273 1675 3349 Ru-

90 3403 92 3406 ·
150 3387 296 3476 pertus
314 3372 538 3449 scolasticus
564 3371 714 3474 majoris
735 3375 878 3462 Ecclie,
901 3374 998 3448 dnus
1011 3371 1205 3445 conradus
1230 3367 1371 3444 Comes
1388 3371 1436 3446 de
1460 3369 1674 3468 Mosaburc,

153 3473 259 3546 dnus
289 3469 530 3548 Eberhardus
551 3469 690 3547 Comes
714 3473 771 3548 de
788 3469 1007 3560 Dornbero,
1038 3467 1184 3543 Albero
1210 3464 1357 3565 Lupus,
1388 3465 1675 3544 Albe'rtus1Ln·
1813 3515 1817 3520 -

14 3655 16 3662 Α
152 3579 403 3662 tremannus,
433 3567 588 3644 sifridus
615 3567 770 3668 Choph‚
804 3563 962 3642 Wirnto
983 3565 1032 3665 de
1051 3561 1359 3653 Planahenstain,
1400 3563 1597 3639 Conradus
1624 3565 1674 3642 de

14 3669 21 3771 'p
152 3665 391 3758 Hohenfels,
421 3663 612 3744 arnoldus
638 3667 686 3741 de
709 3663 980 3754 Schtinenrelt,
1015 3661 1230 3738 Hawardus
1253 3662 1302 3736 de
1323 3658 1551 3759 onningen,
1575 3663 1676 3748 th.
1777 3749 1792 3762 .

148 3763 448 3864 helmus.super
467 3759 646 3858 danubio,
670 3773 710 3840 ot
731 3766 794 3838 alii
815 3761 1081 3862 quamplures.
1131 3759 1229 3834 Acta
1247 3779 1334 3834 sunt
1351 3759 1425 3838 heo
1440 3783 1541 3837 auno
1565 3757 1671 3836 1205.
1735 3841 1737 3846 ,

15 3808 21 3955 i
150 3857 385 3940 indictione
407 3885 521 3943 nona.
630 3897 634 3905 ·
1705 3862 1712 3875 '

426 4017 437 4034 ’
504 4026 582 4092 Duo
605 3949 727 4112 aigiita
746 4021 813 4113 Epi
832 4030 863 4084 et
883 3983 985 4084 Ducis
1005 4018 1122 4083 illoesa
1144 4018 1342 4107 adpendeot.

14 4035 16 4109 t

876 4273 1025 4382 *ar*
