3616 4850
597 325 1100 404 ,nuaram
1192 309 1275 349 ·’

125 550 150 614 4
196 528 291 584 men
312 497 589 604 semetipsius
614 497 763 580 easdem
782 523 842 576 res
863 497 905 576 in
925 496 1071 600 ditione
1087 523 1154 576 sua
1170 497 1333 593 teneret,
1357 473 1540 604 quamdiu
1556 499 1704 585 ieattuit

79 631 82 638 ·
198 629 310 680 suum
341 613 590 704 conservaret.
664 598 705 674 Si
731 621 824 674 vero
852 599 1019 674 humano
1047 623 1156 676 more
1185 600 1444 698 contingeret,
1485 605 1704 679 attactum

196 727 308 777 suum
333 725 413 773 non
440 697 666 789 custodiret,
697 695 790 772 mor
814 694 966 770 traditio
987 697 1036 768 ad
1054 700 1185 772 locum
1208 724 1318 772 suum
1339 711 1601 774 reverteretur.
1651 702 1706 778 *si
1756 725 1759 730 ·

94 874 98 885 ,
195 795 326 874 autem
353 796 556 871 ineredem
587 791 828 893 superstitem
851 794 1008 882 habeat,
1059 793 1141 893 ipse
1169 793 1396 894 potestatiye
1428 795 1705 876 haereditatem

190 921 301 970 suam
315 892 678 1006 ¹possideat'absque
699 887 1151 989 ulliuscontradictione·
1209 891 1261 968 Et
1287 904 1403 968 testes
1428 891 1599 970 eiusdem
1630 909 1705 969 tra·

49 1027 51 1036 ·
86 1017 90 1026 ’
195 991 351 1068 ditioms
376 987 689 1066 isti'extitemnt:
721 988 865 1099 Ratpot
891 987 1042 1078 Comes,
1076 987 1291 1090 Ctmdpald,
1325 986 1427 1063 Curti
1455 991 1552 1081 reht,
1577 989 1707 1068 Oren·

191 1090 249 1166 'dil
275 1084 454 1181 Comites,
489 1085 711 1198 Heripreht,
745 1085 933 1181 Crrmuni,
964 1084 1208 1177 Madalhelm,
1240 1085 1392 1176 Rodoli,
1425 1017 1535 1175 iaso,
1570 1085 1703 1164 Cund·
1772 1117 1783 1140 r

6 1185 8 1194 ’
91 1178 95 1186 ’
193 1187 320 1288 praht,
346 1185 454 1259 Outo
470 1183 655 1275 Vicarms,
681 1183 812 1272 Meni,
837 1182 979 1275 Vitalis,
1000 1181 1130 1274 Sahso,
1155 1184 1329 1284 Rihpald,
1355 1181 1481 1274 Rulto,
1505 1177 1703 1280 lsangriria,
1767 1253 1768 1258 ,

80 1359 83 1362 ,
197 1282 384 1374 Coialrid,
414 1279 573 1378 Ongast‚
610 1275 754 1371 Stroth,
786 1277 1009 1382 lleginhar‘t,
1043 1278 1196 1376 Egilolfi
1236 1282 1425 1376 Hadager,
1461 1280 1702 1376 Uuillihelm,

193 1379 407 1473 Mahallrid,
434 1377 552 1472 Hessi,
578 1379 704 1471 Urolt,
729 1376 870 1472 Trogo,
897 1375 1074 1469 Gramen,
1101 1375 1321 1452 Cunduuin.
1522 1391 1528 1398 '
1723 1425 1727 1432 -

226 1544 230 1556 .
291 1473 552 1552 Baturieus
581 1476 687 1574 Epus
720 1499 910 1549 unacum
941 1474 1092 1550 Patrico
1124 1475 1309 1550 advocato
1345 1499 1415 1549 suo
1447 1483 1566 1580 ipsam
1592 1479 1702 1551 tradi·

192 1574 340 1650 tionem
361 1571 528 1748 αςοεῶἰὲ
570 1573 728 1654 Factum
752 1576 808 1650 'est
831 1571 908 1650 hoc
926 1575 974 1648 ad
990 1571 1263 1672 tegmem-g
1284 1595 1387 1652 anno
1408 1571 1622 1657 dominicae
1641 1572 1703 1674 ina·

192 1683 419 1752 carnationis
695 1689 696 1694 ’

675 1829 1221 1856 -ιι--ιιη-ιιιι-ι-οι-ι-

750 1915 1013 2025 Numsxxii.
1058 1949 1142 2044 834.

156 2126 159 2132 ,
190 2063 364 2152 namtas
378 2085 461 2162 rpus
486 2103 557 2147 eun
576 2084 726 2149 sevocato
752 2102 810 2144 atto
836 2087 1003 2174 erinperto
1031 2086 1125 2148 uam
1152 2083 1281 2146 omre
1306 2085 1477 2156 witerne
1497 2063 1714 2166 amaseni
1766 2115 1770 2127 .

172 2177 186 2200 κ
336 2177 339 2182 .
586 2243 593 2266 ,
640 2197 751 2284 sancto
768 2190 964 2252 Emmeramo
985 2189 1098 2252 factm
1120 2190 1260 2270 meoipit.
1639 2174 1642 2185 ·
1688 2247 1694 2258 Ι
1757 2201 1760 2212 .

679 2361 682 2368 ’
818 2343 928 2408 Peri.
953 2367 979 2408 c.
1006 2351 1076 2420 rii.
1166 2325 1172 2336 ⁸
1516 2347 1519 2354 ⁴
1569 2255 1623 2362 ⁸

252 2517 254 2522 .
290 2453 449 2538 Constat
480 2451 658 2538 omnibus
683 2459 925 2551 mortaltlrus,
957 2458 1046 2561 quia
1069 2459 1164 2538 haec
1192 2459 1269 2538 vita
1290 2457 1459 2538 nimium
1476 2449 1700 2559 brevissest,
1778 2489 1781 2497 ·

188 2555 257 2633 sed
278 2559 393 2654 longa
418 2560 555 2634 lutura.
617 2561 874 2660 ,Quapropter
904 2557 1226 2635 Uuilihelmus
1263 2557 1421 2654 Comes,
1456 2559 1699 2644 considerans

188 2657 286 2748 haec
314 2667 366 2728 ita
392 2681 433 2733 se
461 2658 635 2749 habere,
657 2685 727 2757 pro
753 2655 997 2756 adipiscendo
1014 2658 1163 2752 'gaudia
1194 2658 1424 2757 sempiterna
1452 2671 1492 2736 et
1525 2658 1703 2734 remedio

191 2751 339 2829 animae
368 2778 456 2828 suae
479 2756 630 2829 tradidit
652 2755 699 2856 ad
726 2769 899 2829 sanctum
920 2753 1208 2830 Emmeramum
1234 2781 1294 2831 res
1324 2755 1565 2856 proprietatis
1596 2779 1701 2850 suae,

191 2870 282 2964 ques
305 2849 450 2926 habere
471 2850 671 2934 videbatur
697 2851 739 2926 in
760 2855 848 2926 loco
873 2861 1072 2927 nominato
1103 2849 1385 2944 Bersniclra,
1416 2852 1457 2930 id
1484 2871 1538 2928 est
1561 2852 1699 2928 Eccle-

84 2959 94 3054 ſs
188 2973 281 3024 stam
297 2959 341 3023 ‘et
367 2973 488 3023 casam
513 2974 603 3027 cum
632 2962 741 3026 curte
759 2963 875 3050 atque
899 2948 1054 3048 reliquis
1073 2948 1265 3040 aedificiis,
1296 2974 1386 3024 cum
1408 2947 1606 3047 mancipiis
1634 2946 1699 3030 irt-“⁴
1725 3003 1726 3008 =

93 3059 95 3068 ’
158 3046 244 3120 'ira
270 3045 428 3120 domum
449 3058 489 3120 et
513 3049 754 3122 manentibus
770 3044 979 3137 servilibus,
1004 3059 1123 3138 terris,
1175 3045 1276 3138 ratis,
1300 3044 1458 3157 pascuis,
1480 3063 1519 3121 et
1536 3043 1698 3121 dimidio

186 3142 340 3234 foreste,
363 3142 481 3254 aquis,
499 3167 739 3242 aquarumve
761 3141 992 3234 decurstltuS,
1016 3075 1222 3218 mobililus
1239 3163 1277 3219 et
1298 3141 1557 3234 inmobilibus,
1583 3143 1696 3230 cultis
1772 3177 1776 3184 ·

186 3243 251 3318 vel
271 3242 435 3332 incultis,
459 3238 643 3340 quicquid
669 3239 744 3315 dici
769 3244 831 3318 vel
851 3241 1038 3316 nominari
1058 3253 1185 3341 potest
1207 3267 1294 3318 eum
1311 3238 1420 3314 omni
1443 3242 1562 3330 lucro,
1582 3242 1697 3340 'quod

188 3361 293 3414 nunc
317 3347 357 3410 in
382 3336 524 3412 eisdem
547 3337 667 3412 causis
692 3345 773 3414 esse
798 3336 968 3431 videtur,
999 3341 1062 3416 vel
1090 3338 1289 3438 deinceps,
1318 3335 1414 3414 nihil
1437 3349 1542 3426 extra
1564 3337 1695 3412 dimit·

139 3431 150 3448 ”
187 3447 286 3526 tens,
302 3445 352 3508 -et
378 3435 536 3519 eaedem
568 3459 701 3511 causae
718 3445 759 3508 in
788 3433 868 3508 eius
894 3447 1083 3535 potestate
1112 3431 1262 3529 fierent,
1285 3461 1408 3536 usque
1432 3435 1524 3508 dum
1548 3445 1698 3511 viveret

49 3549 54 3567 ¹
187 3555 282 3632 epse,
305 3541 344 3606 et
368 3527 508 3606 corriux
529 3529 609 3606 eius
629 3533 901 3627 Engilrada,
927 3533 1052 3608 donec
1077 3530 1157 3632 ipsa
1173 3543 1319 3611 viveret
1339 3543 1378 3608 et
1404 3531 1588 3631 quamdiu
1611 3532 1697 3606 tho·

187 3654 271 3707 rum
290 3627 499 3704 maritalem
511 3641 770 3721 conservaret
796 3647 834 3704 et
853 3629 948 3703 haec
975 3631 1152 3706 omnibus
1169 3633 1294 3706 modis
1313 3627 1422 3704 firma
1439 3625 1695 3734 persisterent,

48 3761 65 3812 ¹.
187 3725 462 3805 sisibi.haeres
487 3751 569 3799 non
593 3739 821 3802 nasceretur.
888 3725 978 3801 Hoc
1006 3725 1162 3830 insuper
1184 3725 1442 3825 conplacitans
1462 3751 1553 3800 cum
1577 3725 1696 3800 Batu·
1727 3751 1730 3756 ¹

186 3833 267 3900 rico
293 3847 380 3900 ven.
408 3819 607 3914 Pontifice,
632 3843 675 3896 ut
694 3825 742 3896 ad
761 3821 1040 3900 Eskitunam
1064 3841 1104 3904 et
1133 3823 1314 3901 Uuesin
1341 3821 1481 3915 omnia,
1504 3846 1605 3921 quae
1622 3823 1717 3897 ibi-v

187 3921 277 3999 dem
327 3921 457 3997 caelati
480 3917 661 3994 Praesulis
684 3917 833 4013 fierent,
858 3932 900 3997 in
919 3921 1155 4006 beneficium
1174 3920 1291 4021 ipsius
1314 3921 1363 3994 ad
1384 3921 1463 3996 dies
1483 3921 1693 4017 vitaesuae

171 4017 286 4118 'possi
315 4030 435 4111 erent,
461 4029 500 4094 et
515 4031 602 4117 post
616 4014 770 4091 illomm
790 4029 905 4096 vitam
923 4018 1160 4116 supradictae
1178 4043 1248 4114 res,
1273 4042 1372 4118 quae
1391 4017 1438 4092 ab
1462 4043 1509 4094 eo
1528 4015 1692 4095 traditae

185 4127 271 4192 iunt
293 4112 355 4191 vel
378 4115 539 4213 quaein
563 4111 795 4191 beneficium
818 4123 977 4215 accepit,
1001 4125 1222 4215 peremnia
1246 4118 1489 4192 emelioratae
1518 4109 1567 4190 ad
1585 4137 1692 4228 prae·
1778 4179 1791 4194 .

123 4248 129 4258 ·
185 4211 334 4294 dictum
352 4211 432 4290 Dei
454 4211 637 4291 Sanctum
666 4191 827 4290 fimiiter
847 4221 1052 4298 comittunt
1075 4213 1217 4318 absque
1242 4217 1352 4297 ullius
1375 4211 1690 4330 contradictione.
1796 4241 1800 4253 ·
