3662 4848
171 331 401 393 ‘i
549 299 646 406 ‚f
695 318 834 384 3„-
881 310 1076 399 asom

58 481 82 597 s
159 475 584 686 {i‘esentieprlnci
627 435 702 578 iim
725 493 1054 596 terrcaoitre,
1083 478 1266 582 videlicet
1289 461 1677 583 DomniHetnrici

200 606 448 712 atisponensis
468 601 554 706 Epi,
626 609 775 680 tionis
792 599 1047 699 frisingensis
1130 600 1156 696 i,
1191 599 1393 682 Ottonis
1418 600 1684 680 Palatini'Co}
1773 641 1776 645 ·

25 743 30 752 ·
158 719 283 801 mitis,
308 686 565 782 Adalberti
592 699 754 777 Comitis
779 700 853 797 (de
874 699 1096 806 Windberg
1156 717 1195 778 et
1221 697 1382 778 aliorum
1410 699 1583 804 fidelium
1603 727 1678 778 no-
1758 707 1761 714 '

161 823 337 894 atrorum,
370 812 494 880 statim
525 812 572 878 ue
599 821 826 902 parmenus
849 797 963 902 ipsius
988 797 1185 874 Ottonis
1217 800 1377 880 Palatini
1403 797 1576 894 Cauniis,
1609 799 1679 904 qui

88 941 90 944 ·
159 912 245 984 tum
271 912 460 1004 temporis
473 828 711 977 alrocatiam
737 897 894 1010 gerebat
923 919 1040 999 super
1062 895 1173 973 bonu
1202 897 1320 995 regui,
1360 911 1399 977 et
1419 905 1497 1074 per
1521 923 1679 976 manum

48 1081 50 1088 .
114 997 412 1084 'adalberti
442 995 604 1074 Comitis
623 995 948 1094 deWmdeberge
969 993 1133 1096 predicti
1151 993 1419 1076 Monasteriia'
1445 997 1569 1078 vocati
1591 999 1679 1074 data
1764 1021 1768 1028 ’

29 1189 32 1194 ,
66 1138 68 1150 =
162 1117 203 1180 ct
224 1113 377 1201 recepta
400 1100 580 1176 altamira
603 1091 762 1200 etjusta
785 1092 1141 1196 recompensatione
1161 1092 1265 1174 idem
1285 1095 1567 1174 Concambium
1584 1119 1678 1198 per·
1796 1193 1798 1198 Ι

22 1275 32 1286 ,
159 1199 333 1290 lecimus,
359 1201 410 1276 ‘et
437 1194 595 1272 nomina
617 1204 784 1288 testium,
816 1191 884 1294 qui
908 1210 1104 1306 presentes
1129 1195 1296 1304 aderant,
1328 1194 1582 1274 subternotari
1599 1194 1678 1303 jus·
1749 1208 1757 1224 “

46 1327 55 1357 ·
160 1299 293 1379 simuss
333 1294 566 1373 Heinrich
598 1311 644 1369 et
669 1291 788 1365 Otto
822 1289 920 1366 lilii
953 1289 1172 1382 Pnelectr,
1210 1292 1344 1369 lilius
1374 1293 1579 1370 Palatini
1603 1297 1680 1372 Ot-
1726 1370 1730 1378 .

1 1461 11 1467 ,,
93 1441 109 1450 ··
161 1411 225 1490 to,
252 1393 471 1474 Perhtolt
501 1388 634 1466 silius
659 1387 907 1490 Peirhtoldi
941 1386 1229 1467 Comitis‘de
1254 1390 1488 1487 Andehse,'
1522 1393 1678 1474 Fride·
1761 1473 1768 1490 ,

78 1576 80 1580 ,
161 1495 265 1572 rich
304 1495 359 1584 de
384 1489 667 1592 Prukeherc,
692 1529 743 1545 -
776 1483 983 1562 Eilolius
1013 1486 1070 1562 de
1100 1485 1280 1580 Steine,
1310 1489 1603 1585 Eggebeitus
1629 1505 1677 1572 et
1719 1501 1723 1506 ’

164 1589 453 1669 Oudalricus
483 1585 652 1664 iratres
685 1580 795 1688 ejus,
827 1625 870 1681 .-
902 1581 1132 1660 Baltuuin
1163 1586 1220 1662 de
1255 1586 1527 1666 Ra'ttsbona.
1552 1631 1605 1650 --
1626 1632 1679 1650 -

112 1785 113 1788 Ἴ
160 1693 218 1768 Ut
235 1705 364 1768 autem
384 1684 498 1790 hujus
522 1683 732 1770 concambii
751 1681 915 1784 actio-et
934 1679 1173 1759 confirmatio
1190 1697 1269 1762 rata
1288 1696 1328 1762 in
1348 1699 1544 1799 posterum
1562 1703 1601 1766 et
1621 1688 1679 1768 in·
1744 1707 1750 1714 “

79 1861 84 1866 .
162 1793 344 1878 convulsa
367 1801 598 1886 permaneat,
621 1781 721 1858 hanc
742 1793 884 1857 cartam
902 1777 1002 1857 'inde
1031 1780 1228 1877 conscribi,
1255 1781 1441 1882 et.Srgilli
1464 1783 1584 1862 nostri
1597 1785 1678 1866 im·

161 1886 360 1988 pressione
381 1880 559 1984 jussimus
582 1879 783 1976 insigniri·
800 1904 902 1954 anno
929 1878 1121 1956 dominice
1145 1878 1415 1956 incarnationis
1442 1903 1545 1975 1140.
1577 1887 1677 1966 indi·
1739 1931 1753 1942 ·

162 1986 293 2061 ctione
309 1983 374 2055 lll.
394 1979 558 2078 septimo
576 1979 665 2052 l'dus
681 1977 783 2068 iulii,
799 1992 935 2052 actum
949 1977 989 2052 in
1012 1981 1112 2068 loco,
1138 1977 1205 2078 qui
1221 1979 1363 2054 dicitu'r
1385 1979 1440 2055 ad
1463 1997 1678 2060 sanctum

162 2077 475 2158 Laurentium
503 2071 855 2179 juxta'llumen
889 2075 1049 2172 Regen
1083 2074 1242 2168 dicium,
1278 2089 1463 2172 regnante
1493 2077 1679 2162 Chonn-

162 2180 277 2258 rado
301 2178 561 2254 Romanorum
583 2173 689 2272 Rege
700 2174 894 2270 secundo,
919 2197 1022 2250 anno
1044 2172 1154 2269 regni
1176 2166 1259 2276 ejus
1283 2185 1411 2251 tertio.

79 2295 81 2303 ’
262 2277 362 2350 Data
383 2275 590 2372 Ratispone
639 2296 681 2347 er
701 2296 856 2346 manum
881 2269 1069 2348 Rouberti
1090 2271 1275 2348 Canonici
1300 2285 1340 2352 et
1361 2270 1558 2372 Capeliani
1585 2270 1692 2378 ejus--

98 2370 110 2411 ⁵
165 2374 257 2452 dem
277 2371 398 2518 ΙΞιιοὶε
421 2371 511 2451 Liu
517 2300 636 2475 paltlJ
633 2371 648 2448 i
671 2369 719 2448 Χ,
739 2367 823 2446 Kal.
846 2367 1053 2446 Novembr.
1077 2368 1120 2448 in
1140 2367 1301 2450 nomine
1314 2369 1481 2450 Domini
1503 2371 1680 2480 felicitep,

74 2527 79 2534 ·
162 2497 287 2557 men·
525 2523 528 2528 -
664 2533 674 2560 .
741 2519 748 2522 -
924 2525 931 2530 -
1368 2515 1371 2520 v

295 2721 303 2728 ’
379 2691 516 2806 'Num
544 2723 700 2846 ccxii.
752 2747 858 2849 1r4a.
892 2697 969 2802 E'x
989 2719 1268 2828 Diplomatario
1294 2673 1451 2808 coaevos
1536 2705 1540 2710 Ι

27 2906 33 2919 ‘
146 2892 291 2997 bitania
318 2899 380 2983 Epi
408 2901 606 2984 Friaingemis
636 2900 765 2963 domtIo
797 2900 996 2991 decimarum
1025 2901 1063 2960 in
1092 2899 1357 2994 Langenpreising
1387 2899 1428 2962 ad
1453 2899 1685 3000 Monmicrinrn

702 3055 710 3066 .
845 3009 1000 3087 superius.

263 3153 308 3231 ln
330 3149 490 3232 nomine
518 3159 661 3246 sancte¹
679 3162 719 3230 et
741 3147 939 3231 individue
950 3145 1164 3242 'Trinitatis
1215 3150 1301 3252 Ego
1328 3151 1446 3242 Otto
1473 3153 1535 3231 dei
1560 3143 1683 3252 gratia
1810 3171 1820 3180 ‘

138 3243 411 3348 ‚Frisingcnsis
434 3252 605 3330 Ecclesie
628 3251 852 3354 Episcopus.
919 3251 1072 3329 lustum
1101 3269 1280 3352 reputans
1306 3247 1565 3347 religiosarum
1592 3277 1686 3353 per·

164 3367 346 3426 sonarum
376 3347 592 3428 necessitati
618 3353 828 3443 consulere,
863 3347 915 3424 ob
944 3347 1159 3428 remedium
1183 3348 1311 3427 anime
1338 3371 1426 3425 mee
1457 3373 1611 3426 assensu
1641 3365 1686 3430 et

165 3447 327 3528 consilio
351 3449 585 3525 prelatorum
608 3447 783 3526 Ecclesie
799 3472 895 3526 mee
923 3446 1113 3540 decimani
1130 3445 1349 3549 Prisiunge
1375 3444 1590 3542 Hedewlge
1614 3473 1709 3534 ve·-¹

164 3543 324 3628 nerabilt
351 3545 537 3622 abbatisse
566 3567 693 3625 mucre
723 3543 846 3623 Mario
878 3544 1080 3646 superioris
1105 3545 1331 3622 Monasterii
1366 3557 1406 3622 et
1430 3545 1687 3623 sanctimoni·
1729 3575 1759 3600 ’κ

127 3671 131 3676 ·
166 3640 285 3721 alium
316 3639 542 3742 regulariter
572 3645 786 3744 secundum
811 3647 1001 3741 regulam·
1015 3643 1135 3720 mucii
1165 3641 1368 3721 Benedicti
1399 3641 1580 3744 deinceps
1608 3645 1686 3721 ibi·
1768 3679 1772 3684 ·

167 3743 256 3822 dem
284 3739 371 3816 Deo
398 3741 666 3843 tamulantibus
694 3743 986 3845 inperpetuum
1010 3743 1132 3837 trodo,
1157 3756 1199 3818 et
1228 3740 1375 3816 firmam
1402 3741 1571 3836 legitima
1593 3745 1685 3821 alle·

165 3854 321 3937 gatione
347 3834 550 3934 confirmo,
574 3837 628 3916 sic
655 3853 794 3942 manen,
824 3853 869 3918 ut
894 3867 983 3920 cum
1008 3867 1081 3940 ego
1110 3837 1184 3917 mei
1242 3839 1524 3928 eSuccessores
1548 3839 1684 3918 Eccle-
1787 3901 1793 3908 .

76 3959 78 3965 ’
167 3937 313 4014 siastica
343 3934 396 4012 ibi
422 3936 481 4035 (in
501 3937 838 4038 Langenpreising)
864 3938 1160 4026 curaverimus,
1212 3935 1359 4013 ebitum
1377 3935 1521 4012 ibidem
1544 3937 1685 4016 habes·

4 4103 6 4108 ,
35 4071 45 4076 -
115 4067 120 4076 ’
165 4061 251 4114 mus
276 4035 484 4126 servitium,
513 4034 610 4112 sicut
638 4039 686 4113 de
712 4036 793 4114 aliis
814 4038 1065 4138 Episcopatus
1089 4033 1167 4112 mei
1189 4033 1347 4111 decimis
1379 4047 1436 4110 est
1453 4028 1683 4138 judicatum.

25 4147 89 4203 ’.ς
167 4132 224 4210 Ut
241 4139 371 4208 autern
398 4135 467 4209 ista
493 4133 645 4222 traditio
672 4133 893 4230 inconvulsa
924 4151 1154 4235 pennaneat,
1188 4121 1359 4231 predicta
1381 4131 1563 4232 abbatissa
1591 4160 1687 4214 con-

51 4243 59 4254 '
139 4254 279 4314 =teitau
311 4243 351 4310 et
376 4229 571 4334 peticione
601 4232 911 4340 congregacionis
940 4257 1009 4310 sue
1041 4231 1215 4336 predium
1246 4241 1290 4311 in
1321 4230 1535 4332 Altpaeh-
1561 4231 1684 4315 michi
