3718 4848
710 311 1028 394 *ψει*

23 503 38 519 ·
82 477 196 562 ·‘dno
215 471 396 560 Karitate.
445 473 551 556 Siout
569 472 724 578 legitur,
748 477 905 558 scissura
927 484 999 559 'seu
1027 473 1161 558 divisio
1184 465 1373 554 iliscordie
1391 465 1514 558 mater
1532 460 1627 574 esis,
1737 509 1739 512 ·

44 625 48 633 ‚
111 579 176 658 'sic
197 581 319 670 unitas
345 593 390 658 et
420 578 586 670 Societas
611 575 789 652 Karitatis
817 579 970 655 vinculo
997 581 1178 679 copulata
1204 577 1412 654 concordie
1435 597 1556 654 mater
1581 591 1624 656 ct
1751 651 1754 659 .

111 681 271 756 auorum
294 674 464 756 noscitur
491 700 576 752 esse
596 701 695 754 vern
755 673 854 751 Cum
882 675 998 774 igitur
1021 677 1212 776 Ratispon
1236 672 1369 752 Ecclie
1391 693 1470 750 tam
1496 687 1626 752 inca·¹
1742 729 1745 736 ι

109 763 204 878 pite,
229 774 925 874 hoc,est1(athedraliEcolie,“quam
946 775 1082 850 Eccliis
1104 771 1174 848 sibi
1192 770 1373 874 subjectis
1397 773 1541 850 diversa
1559 765 1629 874 pe?

110 877 229 953 ricula
254 885 491 967 immineantv
506 884 546 950 et
576 869 704 964 ruine,
736 875 851 960 etad
876 875 1156 950 relevacionern
1182 873 1312 946 talium
1339 869 1475 946 Unitas
1496 873 1624 968 valeat
1730 931 1733 942 .

91 989 152 1045 ·et
177 970 380 1051 concordia
409 985 488 1046 tarn
508 968 555 1046 in
579 969 722 1071 capite,
754 997 868 1071 quam
891 979 934 1045 in
964 971 1163 1062 membris,
1194 971 1381 1054 volentes
1398 990 1504 1044 casus
1535 977 1624 1042 sini·

110 1079 207 1146 stros
232 1068 519 1146 ascendentium
543 1093 592 1142 ex
622 1067 792 1144 adverso·
814 1067 980 1160 cautelis,
1012 1067 1149 1168 quibus
1180 1089 1376 1167 possumus
1409 1064 1623 1166 prevenire,

111 1191 159 1257 cu
225 1163 618 1244 K'athedralis-Ecclie
642 1163 838 1269 preposito
862 1177 908 1241 et
929 1165 1120 1266 Capituio,
1157 1179 1196 1242 et
1221 1175 1292 1263 ipsi
1315 1162 1514 1242 nobiscum
1539 1163 1655 1266 rani-¹

33 1317 73 1334 ,.
104 1284 159 1363 par
261 1259 302 1342 ἐι
325 1263 563 1344 ¹Societatem
591 1261 768 1340 duximus
799 1263 1113 1358 contrahendam,
1153 1261 1334 1340 videlicet
1365 1262 1473 1362 quod
1508 1286 1622 1362 super
1698 1273 1705 1282 “

80 1457 81 1460 ¹
107 1359 236 1446 stdura
260 1351 328 1439 seu
353 1363 531 1454 collecta,
563 1371 677 1470 quam
702 1369 742 1460 a‘
775 1359 928 1436 redictis
953 1361 1146 1461 preposito
1169 1374 1211 1436 'et
1237 1359 1434 1458 capitulo,
1458 1379 1574 1460 atque
1595 1382 1621 1435 a
1712 1421 1723 1428 .

36 1507 40 1516 =
107 1463 220 1544 nobis
241 1479 493 1563 'petuntcum
518 1469 699 1542 instancia
762 1460 838 1536 ‘ves
868 1458 1062 1560 Ratispon.
1094 1482 1164 1534 seu
1190 1455 1455 1533 Communitas
1477 1481 1621 1532 eorun-

105 1563 216 1654 dem,
253 1551 475 1658 responsum
499 1559 611 1631 simul
643 1556 812 1632 dabimus
837 1568 877 1632 et
903 1557 1003 1631 lacto
1028 1553 1298 1656 conplebimus
1320 1556 1448 1654 quoad
1471 1565 1621 1655 petitio·
1662 1637 1668 1644 ‚
1757 1565 1767 1584 '

67 1676 199 1743 onem
220 1683 290 1738 seu
314 1666 515 1762 negocium
540 1652 814 1751 supradictum,
847 1654 1030 1767 quicquid
1053 1653 1365 1754 respondendum
1386 1677 1453 1727 seu
1478 1650 1636 1728 facien.
1733 1716 1742 1737 ,

108 1761 201 1833 dum
216 1752 465 1830 'decreverint
498 1749 569 1826 viri
593 1750 827 1826 venerabiies
854 1769 893 1827 et
916 1752 1067 1826 discreti
1092 1755 1141 1826 ad
1164 1753 1240 1824 hoc
1263 1778 1286 1824 a
1301 1749 1422 1826 ‘nobis
1448 1762 1488 1826 et
1511 1751 1618 1824 dictis

105 1862 300 1956 preposito
333 1861 373 1926 et
400 1846 572 1948 capitulo
599 1848 788 1949 deputati,
821 1867 862 1926 et
884 1847 1067 1952 quicquid
1090 1848 1305 1926 laciendum
1329 1847 1459 1939 suerit,
1490 1848 1553 1922 'vel
1575 1859 1619 1926 et

105 1948 366 2030 sustinendum
391 1957 588 2022 occasione
613 1948 793 2052 predicta,
817 1949 930 2020 simul
955 1941 1134 2022 iaciemus
1163 1960 1202 2022 et
1228 1943 1463 2045 portabimus
1487 1967 1553 2019 seu
1576 1957 1620 2020 et

101 2043 391 2140 sustinebimus,
418 2057 457 2118 et
481 2069 551 2118 nos
574 2043 740 2119 invicem
766 2043 1034 2142 defendemus,
1059 2057 1174 2142 prout
1200 2043 1379 2144 possibile
1403 2042 1515 2118 nobis
1539 2041 1620 2118 fue·

69 2179 73 2187 ·
104 2143 169 2236 rit,
194 2140 317 2232 rebus,
341 2137 546 2240 juribuset
564 2151 746 2244 personis.
795 2141 844 2215 In
868 2137 972 2240 cujus
996 2141 1053 2232 rei
1078 2139 1314 2224 evidenciam
1342 2142 1537 2240 presentes
1559 2140 1621 2214 lit·

70 2281 80 2322 χ
105 2253 205 2336 teras
230 2236 368 2320 confici
393 2236 548 2337 placuit,
575 2249 613 2316 et
630 2238 847 2336 Sigillorum
872 2250 1028 2312 urorum
1055 2238 1285 2317 communiri
1303 2237 1492 2319 firmitate.
1542 2236 1619 2314 Da·

106 2356 198 2432 tum,
215 2337 421 2439 Ratlsponc
445 2332 513 2444 lX.
537 2335 623 2418 Kal·
648 2335 742 2410 Maii
765 2358 865 2411 anno
890 2335 957 2412 dni
986 2342 1088 2448 ¹²⁵9·

77 2519 108 2558 .:
144 2523 171 2548 n
209 2475 221 2586 Ἰ
270 2576 272 2590 1
307 2479 465 2587 Sigillum
485 2495 626 2568 Albulis
644 2483 771 2592 laesum
792 2501 967 2592 adpendet,
994 2501 1059 2588 isio
1082 2501 1270 2594 Copuentrrs
1288 2499 1438 2586 wislae,
1536 2505 1540 2512 '

655 2655 1043 2684 αιι-ιι-ψ--ιι-ι-ιι

87 2839 92 2846 ·
188 2767 193 2814 ⁵
285 2769 402 2974 uun
423 2788 728 2911 ooccuxxv
781 2829 969 2935 nanas.
992 2829 1098 2932 sept.
1146 2769 1432 2946 sajorigruu
1545 2843 1548 2857 ·

183 3005 340 3114 statutus
366 3002 503 3081 Capituli
522 3001 720 3112 lassamus·
748 3004 788 3064 ue
814 3023 896 3064 mnu
926 3005 1153 3101 censolssionn
1181 3023 1251 3066 aum
1278 2995 1380 3082 poeni
1405 3003 1535 3078 adicem

203 3145 397 3227 Universis
418 3159 613 3248 presentes
636 3149 777 3224 litteras
793 3143 1015 3248 inspecturis
1039 3151 1088 3224 Η.
1106 3156 1317 3250 prepositus
1340 3166 1379 3226 et
1392 3145 1617 3247 Capitulum
1679 3244 1683 3250 Ι

10 3293 12 3298 -
104 3243 350 3346 Ratiaponeu.
375 3249 536 3323 salutem
557 3272 646 3324 cum
670 3245 815 3322 sincera
840 3258 882 3322 in
905 3247 983 3338 dno
1007 3245 1178 3330 karitate.
1229 3246 1331 3351 Quia
1349 3245 1618 3347 preteritorum

36 3423 41 3433 ζ
98 3365 210 3438 pasus
237 3353 278 3417 in
301 3342 433 3418 suturis
459 3343 692 3422 successibus
721 3343 978 3442 provisionem
998 3344 1193 3422 *exhibent
1217 3361 1257 3421 et
1286 3345 1494 3435 cautelam,
1541 3366 1616 3416 nos

102 3437 401 3530 considerantes,
428 3443 534 3540 quod
558 3441 607 3516 de
635 3443 880 3540 proventibus
900 3442 1199 3543 prebendarum,
1236 3467 1313 3542 que
1334 3440 1447 3516 nobis
1475 3435 1617 3518 cedere

34 3541 37 3546 “
103 3549 386 3632 consueverunt
412 3559 481 3635 pro
504 3536 772 3614 consolationis
793 3565 895 3616 anno
916 3539 970 3616 sic
995 3540 1203 3637 vulgariter
1227 3550 1469 3637 nuncupato,
1502 3537 1620 3630 etde

102 3635 184 3714 aliis
205 3629 325 3726 bonis,
349 3656 428 3735 que
441 3633 563 3710 ¹nobis
582 3637 766 3738 hactenus
788 3635 1046 3729 obvenerunt,
1072 3661 1208 3738 parvus
1230 3637 1294 3714 vel
1314 3639 1441 3711 nullus
1460 3633 1617 3724 fructus,
1658 3653 1663 3660 ·

87 3753 170 3811 'seu
190 3731 367 3810 modicus
389 3757 461 3810 nro
492 3732 666 3833 Capitulo
688 3734 926 3834 provenerit,
955 3749 1051 3828 ,tum
1080 3759 1129 3812 ex
1155 3759 1220 3828 eo,
1252 3733 1342 3834 quia
1364 3757 1426 3826 ea,
1511 3731 1616 3808 ead

40 3844 42 3853 '
102 3855 194 3906 usus
215 3855 437 3906 communes
457 3840 497 3906 et
525 3829 709 3906 utilitates
730 3831 885 3909 fuerunt
914 3834 1120 3926 destinata,
1157 3832 1207 3907 ad
1231 3831 1437 3932 singularia,
1510 3841 1613 3904 trum

97 3940 146 4005 'et
169 3923 413 4030 Superiorum
441 3931 657 4005 nostrorum
687 3917 870 4014 utilitates
891 3943 943 4020 et
974 3931 1177 4020 commoda
1204 3941 1492 4029 processerunt,
1528 3937 1619 4002 tum

104 4023 222 4104 etiam
247 4049 295 4100 ex
321 4051 388 4118 eo,
414 4024 501 4126 quia
520 4023 692 4101 violente
715 4049 848 4128 preces
871 4021 1105 4106 Prelatorum
1131 4049 1347 4102 nostrorum
1378 4051 1422 4103 ea
1446 4035 1518 4102 suis
1542 4022 1620 4102 usi·

14 4121 21 4136 '
101 4119 175 4226 bus
196 4133 445 4216 attraxerunt,
467 4126 642 4203 volentes
667 4133 707 4198 in
731 4145 923 4224 posterum
947 4125 1148 4202 abusiones
1172 4123 1280 4202 hmoi
1304 4123 1527 4232 precuvere,
1562 4121 1618 4200 dc

103 4217 302 4303 communi
326 4233 367 4302 et
389 4223 621 4324 mutorum
643 4220 800 4331 flatrum
822 4221 982 4311 consilio
1007 4213 1056 4308 et¹
1071 4247 1224 4310 auensu
1245 4221 1423 4304 duximus
1445 4223 1620 4303 statuen-
1680 4256 1687 4274 ·
1736 4225 1747 4236 '

1437 4555 1453 4591 Ι
